1628 2882
334 58 527 103 *88*

87 171 118 235 2)
137 173 245 230 Synopsin
259 174 319 228 jussu
336 172 448 229 Epiphanii
466 169 599 213 Patrieroboe
617 166 640 211 O.
659 168 696 227 P„
716 184 772 228 quem

88 263 114 293 ue
128 252 220 295 nominat
235 250 314 307 quidem
328 249 453 307 Procopius,
471 247 568 303 scriptam
586 259 636 290 esse
655 247 717 292 ualde
736 252 772 296 du.

87 328 141 371 bium
159 332 194 371 est
212 332 244 385 et,
263 327 282 370 si
298 327 400 383 epilogum
418 327 514 381 Procopii
532 325 559 368 ad
577 323 714 380 Σύγγριιμμω
732 333 774 387 περὶ,
805 342 809 388 3

87 407 125 448 coir
139 404 256 456 Βύζαντος,
278 404 343 460 qood
357 405 436 444 solum
450 403 480 453 ad
491 402 625 457 principatum
640 403 733 458 episcopi
752 406 773 448 G.

89 481 114 524 P.
129 481 275 524 vindicandum
289 479 396 522 conflatum
409 490 458 520 csse
473 481 552 534 potest,
566 478 676 533 diiigenter
685 492 775 536 perpcn-
809 489 814 521 Ἰ.

89 550 158 612 deris,
176 571 262 614 prorsus
275 556 414 614 improbabile.
444 552 473 614 3]
490 556 612 612 Procopium
631 560 732 605 tractatus
751 559 776 602 de
810 592 813 614 2

33 685 35 688 ¹
89 634 214 691 Prophetis,
233 648 298 691 eqrm
312 638 359 677 toto
373 632 385 683 ἡ
402 633 515 689 παράδοσις
532 637 627 686 resonat,
645 637 776 679 auctorem
812 641 814 643 ’

91 725 141 754 esse
155 713 228 754 irrisum
242 715 320 757 estet,
335 710 374 752 nisi
388 710 460 752 librum
474 710 542 760 tabem,
557 709 622 766 qualis
637 714 670 753 est
684 709 777 767 Epipba-
812 707 814 711 ‘

91 791 176 839 niumm,
196 790 221 831 ab
236 801 260 832 eo
275 788 400 843 exscriptum
413 792 484 843 putes,
503 788 565 843 plane
585 787 714 848 incredibiie3
735 802 778 834 eum

92 880 144 911 vero
163 866 222 921 hujus
241 870 341 910 tractatus
359 866 422 907 iatine
440 866 520 908 inventi
536 865 712 921 interpretem
732 879 779 910 esse

93 945 159 995 nulio,
178 949 200 987 ut
214 945 408 991 demonstrauimus,
431 942 560 996 antiquitatis
574 941 691 984 testimonio
705 941 780 985 confir-

93 1024 165 1063 matur.
194 1018 291 1076 Accedit,
304 1018 358 1074 qood
371 1018 425 1060 omni
438 1018 616 1076 verisimilitudine
631 1023 695 1077 earet7
708 1017 779 1075 Syno-

94 1098 147 1153 psbr,
162 1090 193 1139 cui
207 1095 302 1152 Procopii
315 1108 389 1139 nouren
402 1095 481 1139 diserte
495 1096 630 1151 subscriptum
639 1100 678 1154 esi,
694 1097 781 1139 decursu

94 1173 192 1230 temporis
206 1172 321 1229 Epiphanio
337 1171 400 1230 Cypri
414 1174 511 1229 episcopo
530 1186 556 1216 ex
575 1172 692 1228 Epiphanio
713 1171 736 1216 C.
757 1174 780 1214 Ρ.

95 1252 162 1294 efficto
176 1251 293 1291 attributum
307 1262 364 1305 esse,
378 1262 417 1292 uno
432 1261 501 1292 errore
516 1261 561 1291 cum
574 1249 639 1292 attero
654 1253 782 1305 commutato,

96 1328 130 1373 vel
144 1327 251 1383 speciatim
265 1324 381 1382 Syutagma
395 1327 421 1368 de
435 1327 541 1382 prophetis
559 1327 644 1382 primum
665 1323 750 1386 (nescio
770 1340 782 1369 a

96 1416 182 1460 quonam
196 1407 217 1445 et
231 1401 277 1461 ubi]
294 1404 406 1461 Procopio,
427 1403 501 1446 deiude
516 1402 568 1447 false
581 1402 697 1460 Epiphanio
713 1402 736 1447 C.
751 1404 783 1460 P.,

97 1481 184 1538 denique
202 1481 251 1524 item
269 1480 321 1524 taise
344 1480 461 1537 Epiphanio
484 1479 625 1523 Salamiucnsi
647 1481 783 1535 adjudicatum

98 1569 152 1600 esse
180 1557 216 1599 Sic
230 1561 347 1613 conjectura
362 1556 472 1601 Ordiniin
486 1557 579 1612 nibilum,
598 1570 626 1601 ex
640 1571 679 1614 quo
694 1559 785 1614 emersit,

97 1636 178 1678 recidit.
206 1632 349 1690 Corrjecturam
363 1640 448 1692 propter
461 1636 558 1678 minorem
573 1636 710 1678 temeritatem
724 1639 785 1678 ante-

98 1712 212 1770 ponendam
227 1712 321 1768 proponit
334 1712 413 1755 doceb.
428 1706 549 1770 Zebueruo,
565 1714 598 1769 qui
610 1712 785 1769 etipseEpipba-

98 1790 180 1833 nianem
195 1789 240 1831 iibri
254 1789 351 1844 originem
365 1794 471 1845 aegrotet,
485 1802 529 1831 cum
544 1792 588 1841 eJus
599 1802 644 1830 cum
653 1789 785 1833 Dorotheono

98 1878 195 1910 summam
209 1864 359 1907 similitudinem
373 1870 468 1910 cerneret
483 1872 504 1909 et
519 1866 577 1908 simol
592 1866 679 1923 aliquam
693 1867 752 1910 onius
761 1866 786 1909 ab

98 1944 164 1987 attero
180 1942 338 1998 discrepantiam
353 1955 429 1998 negare
443 1955 485 1985 non
500 1946 579 1999 posset,
594 1946 654 1987 otium
668 1957 696 1987 ex
705 1943 738 1987 bis
748 1954 787 1990 on-

98 2020 173 2078 gustiis
187 2011 263 2061 iritum
277 2014 372 2075 qrraesiit.
385 2016 386 2019 ’
399 2021 490 2063 Proiaiis
503 2023 636 2074 argumentis
650 2033 703 2077 (puae
716 2022 788 2063 tibrum

99 2098 226 2153 suppositum
234 2097 393 2149 esseerinoant,
407 2096 558 2140 modestissime
567 2098 598 2139 sic
606 2098 684 2154 pergit:
698 2096 787 2150 „Quam-

99 2174 169 2219 obrem
183 2185 224 2217 uou
238 2172 338 2215 immerito
352 2175 453 2230 suspicari
467 2176 512 2232 quis
527 2177 612 2231 poterit,
631 2174 745 2232 Epiphanii
759 2174 788 2215 ti-

99 2253 162 2296 tubrm
175 2265 188 2295 a
202 2250 350 2293 recentioribus
363 2249 483 2306 praefixum
497 2257 519 2296 ut
532 2253 583 2295 libro
598 2255 685 2307 aliquam
698 2250 788 2307 antiqui-

99 2385 123 2431 ιβ’
136 2386 224 2433 προφητῶν
239 2382 342 2427 (sommariis
356 2387 461 2426 singulorum
476 2394 524 2427 capp
541 2388 624 2420 librorum
639 2383 790 2428 propheticorum),

99 2443 142 2483 quod
153 2445 242 2474 auctorem
253 2441 304 2473 babet
315 2440 430 2482 nesyourum,
444 2443 752 2485 presbyteromiilierosoiymitanum
767 2437 789 2481 (c.

99 2497 141 2539 415,
152 2506 174 2530 m.
185 2495 231 2538 438).
259 2496 338 2538 cupitum
348 2504 389 2529 vcro
401 2497 481 2530 historico
497 2500 586 2540 nrzoupmt
602 2500 642 2530 sunt
658 2497 733 2540 (scilicet
748 2501 791 2529 anss-

100 2555 146 2593 rrymi
158 2552 288 2594 compilatoris),
299 2559 351 2592 quare
361 2552 420 2587 Joueb.
428 2553 522 2596 Zcimerus,
534 2555 675 2594 Pseudepipbanii
682 2553 739 2585 editor
750 2551 791 2593 (‚,cn

99 2609 130 2641 ilia
141 2609 237 2642 Lutirerurm
249 2609 266 2639 ot
278 2606 370 2639 Pastoritio
380 2605 445 2647 tuece‘,
457 2611 476 2640 ut
487 2618 526 2641 eum
537 2610 650 2642 calumniatur
662 2606 754 2647 Petaurus),
771 2612 792 2636 ea

100 2672 134 2697 non
146 2667 224 2706 touquom
235 2663 345 2702 Hesychiaua
356 2663 410 2694 citare
421 2663 497 2694 debebat.
520 2665 576 2696 Atium
587 2666 606 2695 iu
614 2671 692 2697 errorem
699 2663 758 2704 lapsus
765 2662 792 2693 cst

99 2720 127 2752 Jo.
141 2721 201 2756 brana.
212 2719 291 2751 nuddeus
302 2718 320 2752 in
332 2718 404 2760 isagoge
415 2718 627 2767 Historiconpbireologr'oo
638 2715 715 2761 pffltd.
