1584 2882
271 90 449 131 *5-

16 210 63 256 rica,
78 203 112 259 qui
126 214 139 244 a
152 201 217 243 formu
229 199 351 256 Ἀμβνινοὺμ
364 203 462 255 tamqnam
475 199 542 242 minus
556 204 615 243 recta
631 202 707 256 legen-

17 292 49 328 tes
62 280 145 334 ablegat
157 276 184 321 ad
196 275 316 333 Ἀββνκοὺμ
334 276 403 332 ibique
422 275 455 344 sic⁴
471 277 554 320 scribit:
566 275 706 334 -Ἇββονούμ

16 355 80 413 notho
94 358 196 412 ἑμέρσεως.
213 352 237 396 τὸ
250 354 287 406 μὲν
300 351 341 407 γὰρ
352 351 420 408 Ἀββά
438 338 501 411 (libii)
518 355 611 406 σημαίνει
628 354 706 411 πατήρ·

16 433 38 479 τὸ
52 433 73 475 oa
86 429 152 483 Kobp
166 430 222 489 (tihi)
236 431 320 487 oppeto,
333 427 361 479 ὡς
374 430 410 481 out
423 427 480 483 tropei
493 430 523 484 toi
536 430 590 483 θείῳ
608 427 706 484 Εὐνγγε-

17 515 62 565 λίῳ·
82 505 177 560 Tolotai,
191 504 255 560 κούμ·
274 505 338 561 ἤμουν
352 504 365 558 ἡ
378 512 426 556 nuta
443 509 528 564 ἐγείρου.
557 505 621 550 Ὅθεν
638 508 706 561 δῆλον,

17 585 48 630 ὅτι
61 582 96 628 ritui
112 584 154 626 τῶν
171 583 209 627 δύο
225 583 255 640 ppt
269 588 371 638 γραπτέον
388 581 413 625 τὸ
429 581 555 639 Ἀββοκούμ.
587 583 622 627 Ex
641 583 708 628 suida

18 661 157 706 Phavorinus:
176 658 307 715 Ἀββννούμ·
325 658 392 718 uurbp
406 657 548 719 spectamen]

335 846 352 903 §
367 847 389 889 3.

18 948 178 1018 Epitheton
187 949 249 989 hrain
258 947 374 993 nomint
382 946 707 1008 Huhecuctorljcctum·
780 965 781 968 ¹

26 1098 27 1101 ,
70 1056 179 1114 Scriptura
193 1056 261 1101 Sacra
279 1056 305 1100 de
322 1056 436 1113 Habacuci
446 1058 491 1101 vito
509 1061 572 1115 atque
590 1061 664 1102 aetate
678 1059 707 1102 nil

18 1137 94 1191 refert,
114 1135 154 1179 nisi
172 1135 226 1192 quod
243 1134 265 1177 in
276 1134 361 1190 capitis
379 1133 439 1190 primi
456 1146 482 1177 ac
499 1135 556 1178 tertii
573 1135 708 1192 inscriptione

18 1211 93 1255 nomini
106 1211 152 1266 ejus
165 1208 257 1264 additum
274 1213 309 1253 est
326 1209 433 1266 epitheton
451 1212 520 1252 reztti.
551 1210 608 1255 Vero
625 1212 709 1270 indicio,

18 1287 258 1344 inquit‘Stieheto'ua,
278 1286 327 1329 mihi
340 1288 374 1329 est
390 1286 430 1329 hoc
448 1287 619 1346 additamentum,
629 1293 709 1331 aucto-

19 1377 62 1408 rem
75 1365 217 1422 inscriptionis
230 1364 306 1415 uelde
323 1363 436 1408 Habaouco
454 1364 505 1407 nihil
522 1368 634 1421 praeterea
652 1377 710 1408 corn-

19 1445 98 1496 pertum
112 1442 211 1484 habuisse
224 1441 402 1496 ignorantiamque
419 1439 489 1482 addito
507 1439 638 1497 praedicato,
655 1440 710 1496 quod

20 1529 47 1559 ex
60 1516 151 1560 lectione
165 1515 274 1573 sequentis
287 1515 398 1560 voluminis
415 1528 475 1559 nemo
493 1529 534 1559 non
553 1518 650 1574 supplere
670 1517 710 1573 po'-

19 1595 68 1644 tuit,
82 1595 162 1645 celare,
179 1593 216 1635 uel
228 1605 255 1636 ne
269 1606 314 1634 cum
328 1593 375 1635 otiis
388 1592 481 1647 ejusdem
494 1594 581 1636 nominis
595 1594 710 1636 hominibus

19 1670 52 1712 hio
65 1673 132 1718 vates*
141 1672 310 1726 commutaretur,
324 1681 400 1712 cavere
414 1669 512 1713 votuisse.
543 1670 568 1713 ln
586 1670 619 1713 his
638 1670 709 1726 lapsus

20 1750 53 1789 est
66 1744 182 1789 Stiehelius
195 1758 233 1801 per
246 1746 305 1789 verbi
315 1745 384 1788 riivini
397 1746 557 1801 despectionem.
588 1747 642 1790 Nam
660 1746 710 1790 illuri

19 1822 125 1879 epitheton
140 1823 257 1880 neutiquam
271 1834 448 1880 supervacaneum
460 1824 482 1866 et
491 1821 518 1867 ad
527 1822 664 1879 ignorantiam
672 1835 710 1867 ce·
742 1881 743 1884 Ἴ

20 1901 102 1944 landam
120 1899 211 1944 additum
231 1903 278 1960 esta
305 1892 469 1956 quandoquidem
487 1913 514 1944 ex
531 1912 557 1943 eo
575 1901 710 1956 perspicitur:

22 1976 51 2036 t]
66 1979 198 2022 Habacucum
210 1975 405 2039 non-tantummodo
420 1976 539 2031 singulares
552 1978 652 2032 quosdam
660 1976 710 2031 p'ro-

20 2053 104 2109 phetiae
117 2056 192 2096 actus
206 2051 276 2097 divina
289 2052 358 2108 gratia
368 2056 479 2117 expertum
493 2064 543 2096 esse
550 2050 594 2111 1¹),
613 2051 650 2097 sed
664 2065 710 2097 eum
748 2075 750 2078 ·

21 2144 111 2175 munus
124 2129 271 2188 propheticum,
285 2129 306 2172 h.
321 2141 346 2188 e,
359 2142 432 2173 munus
445 2142 484 2186 per
497 2130 605 2187 impulsum
619 2128 711 2186 Spiritus
734 2124 735 2128 ’

63 2276 93 2315 10]
104 2278 133 2310 Sic
144 2284 210 2317 quoque
221 2277 283 2308 anetor
292 2277 375 2307 historiae
386 2277 487 2316 synoptioae
502 2277 523 2307 de
536 2278 658 2315 Prophetarum
674 2276 712 2307 vita

21 2333 38 2364 et
49 2332 96 2366 obitu
106 2339 202 2372 anonymus
217 2340 228 2365 a
242 2331 286 2363 Dav.
301 2331 404 2363 Hoesohelio
418 2339 457 2363 oum
470 2331 543 2363 Adriani
557 2331 631 2372 isagoge
645 2330 711 2363 editus:

20 2382 113 2430 Ἀμβακοὺμ
123 2383 135 2429 ἤ
144 2384 224 2428 Ἀββακού
234 2384 273 2428 (sic)
284 2383 391 2432 ἑρμηνεύεται
401 2382 457 2430 πατὴρ
468 2383 548 2431 ἒμέροενς.

63 2452 93 2491 it)
104 2452 159 2485 Actus
173 2452 273 2493 prophetiae
288 2453 309 2484 oh
325 2452 410 2492 speciales
424 2452 499 2484 rationes
518 2453 539 2484 ad
556 2452 712 2492 manifestationem

22 2509 40 2539 et
49 2507 199 2549 amplificationem
209 2497 260 2548 regni
269 2507 303 2538 Dei
313 2507 411 2547 spectantes
416 2512 535 2548 nonnunquam
543 2507 594 2539 etiam
599 2514 634 2539 non
639 2514 712 2540 eonver-

22 2553 46 2592 sis
56 2563 86 2592 vel
96 2570 130 2594 non
142 2561 258 2592 constantibus
269 2561 298 2591 vel
308 2562 378 2592 omnino
389 2562 431 2592 viris
439 2555 542 2602 prophetico
552 2568 623 2593 munere
639 2561 712 2593 destitu-
761 2578 763 2582 ·

22 2617 44 2648 tis
61 2616 168 2658 obtigerunt,
182 2615 229 2647 velut
243 2614 323 2657 Dooteti,
333 2616 377 2657 qui,
393 2615 462 2648 tametsi
476 2615 561 2648 visionum
575 2615 713 2656 propheticarum

23 2682 206 2715 excellentissimarum
216 2681 303 2723 particeps
313 2681 377 2725 faetus,
389 2680 444 2715 brnen
456 2682 502 2722 κῃ]
517 2689 569 2715 sensu
579 2681 664 2715 strictiori
678 2690 713 2716 uon

23 2747 61 2782 eret
70 2755 92 2782 ae
102 2747 174 2791 proinde
184 2747 230 2782 inter
241 2747 358 2792 hagiographa
368 2747 434 2784 relatus
444 2748 476 2783 eso
498 2748 543 2784 llice
553 2747 574 2782 de
585 2747 663 2791 Daniele,
675 2757 713 2783 eum
