<?xml version="1.0" encoding="UTF-8"?>
<!DOCTYPE html PUBLIC "-//W3C//DTD XHTML 1.0 Transitional//EN"
    "http://www.w3.org/TR/xhtml1/DTD/xhtml1-transitional.dtd">
<html xmlns="http://www.w3.org/1999/xhtml" xml:lang="en" lang="en">
 <head>
  <title>
</title>
<meta http-equiv="Content-Type" content="text/html;charset=utf-8" />
  <meta name='ocr-system' content='tesseract 3.04.00' />
  <meta name='ocr-capabilities' content='ocr_page ocr_carea ocr_par ocr_line ocrx_word'/>
</head>
<body>
  <div class='ocr_page' id='page_1' title='image "./MN41912ucmf_8_0043.png"; bbox 0 0 1584 2882; ppageno 0'>
   <div class='ocr_carea' id='block_1_1' title="bbox 266 78 460 120">
    <p class='ocr_par' dir='ltr' id='par_1_1' title="bbox 266 78 460 120">
     <span class='ocr_line' id='line_1_1' title="bbox 266 78 460 120; baseline -0.01 -11"><span class='ocrx_word' id='word_1_1' title='bbox 266 78 460 120; x_wconf 39' lang='lat'>*23*-</span> 
     </span>
    </p>
   </div>
   <div class='ocr_carea' id='block_1_2' title="bbox 9 231 670 381">
    <p class='ocr_par' dir='ltr' id='par_1_2' title="bbox 9 231 670 381">
     <span class='ocr_line' id='line_1_2' title="bbox 301 231 370 290; baseline 0 -17"><span class='ocrx_word' id='word_1_2' title='bbox 301 232 316 290; x_wconf 50' lang='grc' dir='ltr'><em>ᾗ</em></span> <span class='ocrx_word' id='word_1_3' title='bbox 335 231 370 274; x_wconf 82' lang='lat' dir='ltr'><strong>ra.</strong></span> 
     </span>
     <span class='ocr_line' id='line_1_3' title="bbox 9 307 670 381; baseline 0 -15"><span class='ocrx_word' id='word_1_4' title='bbox 9 307 11 309; x_wconf 44' lang='grc'>’</span> <span class='ocrx_word' id='word_1_5' title='bbox 57 322 195 367; x_wconf 64' lang='lat' dir='ltr'><strong>Traditio</strong></span> <span class='ocrx_word' id='word_1_6' title='bbox 210 321 245 366; x_wconf 84' lang='lat' dir='ltr'><strong>dc</strong></span> <span class='ocrx_word' id='word_1_7' title='bbox 259 320 429 366; x_wconf 75' lang='lat' dir='ltr'><strong>Hebdomon</strong></span> <span class='ocrx_word' id='word_1_8' title='bbox 444 320 670 381; x_wconf 55' lang='lat' dir='ltr'><strong>discophorum)</strong></span> 
     </span>
    </p>
   </div>
   <div class='ocr_carea' id='block_1_3' title="bbox 0 429 750 2096">
    <p class='ocr_par' dir='ltr' id='par_1_3' title="bbox 23 429 708 641">
     <span class='ocr_line' id='line_1_4' title="bbox 70 429 708 488; baseline 0.003 -16"><span class='ocrx_word' id='word_1_9' title='bbox 70 431 168 485; x_wconf 78' lang='lat' dir='ltr'>Sequitur</span> <span class='ocrx_word' id='word_1_10' title='bbox 182 441 235 472; x_wconf 89' lang='lat' dir='ltr'><strong>nunc</strong></span> <span class='ocrx_word' id='word_1_11' title='bbox 249 429 290 471; x_wconf 89' lang='lat' dir='ltr'><strong>alia</strong></span> <span class='ocrx_word' id='word_1_12' title='bbox 302 442 368 486; x_wconf 89' lang='lat' dir='ltr'><strong>eaque</strong></span> <span class='ocrx_word' id='word_1_13' title='bbox 378 431 542 484; x_wconf 79' lang='lat' dir='ltr'><strong>divulgatissIma</strong></span> <span class='ocrx_word' id='word_1_14' title='bbox 552 431 642 488; x_wconf 64' lang='lat' dir='ltr'><strong>traditio7</strong></span> <span class='ocrx_word' id='word_1_15' title='bbox 657 444 708 487; x_wconf 89' lang='lat' dir='ltr'><strong>quae</strong></span> 
     </span>
     <span class='ocr_line' id='line_1_5' title="bbox 24 507 708 565; baseline -0.004 -12"><span class='ocrx_word' id='word_1_16' title='bbox 24 513 101 553; x_wconf 87' lang='lat' dir='ltr'><strong>ceteras</strong></span> <span class='ocrx_word' id='word_1_17' title='bbox 115 519 197 564; x_wconf 85' lang='lat' dir='ltr'><strong>omnes,</strong></span> <span class='ocrx_word' id='word_1_18' title='bbox 216 510 314 562; x_wconf 82' lang='lat' dir='ltr'><strong>quotquot</strong></span> <span class='ocrx_word' id='word_1_19' title='bbox 328 507 353 549; x_wconf 90' lang='lat' dir='ltr'><strong>de</strong></span> <span class='ocrx_word' id='word_1_20' title='bbox 367 507 478 550; x_wconf 88' lang='lat' dir='ltr'><strong>Habacuco</strong></span> <span class='ocrx_word' id='word_1_21' title='bbox 496 508 599 565; x_wconf 74' lang='lat' dir='ltr'><strong>teruntur,</strong></span> <span class='ocrx_word' id='word_1_22' title='bbox 618 510 708 564; x_wconf 83' lang='lat' dir='ltr'><strong>antiqui·</strong></span> 
     </span>
     <span class='ocr_line' id='line_1_6' title="bbox 23 584 708 641; baseline -0.003 -12"><span class='ocrx_word' id='word_1_23' title='bbox 23 589 72 635; x_wconf 78' lang='lat' dir='ltr'><strong>tate,</strong></span> <span class='ocrx_word' id='word_1_24' title='bbox 87 584 141 626; x_wconf 89' lang='lat' dir='ltr'><strong>lama</strong></span> <span class='ocrx_word' id='word_1_25' title='bbox 155 588 218 640; x_wconf 86' lang='lat' dir='ltr'><strong>atque</strong></span> <span class='ocrx_word' id='word_1_26' title='bbox 232 584 355 627; x_wconf 85' lang='lat' dir='ltr'><strong>auctoritate</strong></span> <span class='ocrx_word' id='word_1_27' title='bbox 370 587 466 641; x_wconf 82' lang='lat' dir='ltr'><strong>superat,</strong></span> <span class='ocrx_word' id='word_1_28' title='bbox 485 597 537 641; x_wconf 89' lang='lat' dir='ltr'><strong>quae</strong></span> <span class='ocrx_word' id='word_1_29' title='bbox 558 585 708 640; x_wconf 75' lang='lat' dir='ltr'><strong>antiquissimis</strong></span> 
     </span>
    </p>

    <p class='ocr_par' dir='ltr' id='par_1_4' title="bbox 5 654 708 947">
     <span class='ocr_line' id='line_1_7' title="bbox 5 654 708 718; baseline -0.001 -12"><span class='ocrx_word' id='word_1_30' title='bbox 5 654 8 689; x_wconf 77' lang='grc' dir='ltr'>ἶ</span> <span class='ocrx_word' id='word_1_31' title='bbox 22 660 140 718; x_wconf 77' lang='lat' dir='ltr'><strong>apocryphis</strong></span> <span class='ocrx_word' id='word_1_32' title='bbox 155 675 167 704; x_wconf 90' lang='lat' dir='ltr'><strong>a</strong></span> <span class='ocrx_word' id='word_1_33' title='bbox 181 666 255 705; x_wconf 87' lang='lat' dir='ltr'><strong>vetere</strong></span> <span class='ocrx_word' id='word_1_34' title='bbox 270 662 359 704; x_wconf 88' lang='lat' dir='ltr'><strong>ecelesia</strong></span> <span class='ocrx_word' id='word_1_35' title='bbox 373 661 602 705; x_wconf 88' lang='lat' dir='ltr'><strong>deuterocauouicorum</strong></span> <span class='ocrx_word' id='word_1_36' title='bbox 614 662 708 705; x_wconf 90' lang='lat' dir='ltr'><strong>locoha-</strong></span> 
     </span>
     <span class='ocr_line' id='line_1_8' title="bbox 22 736 707 794; baseline -0.003 -13"><span class='ocrx_word' id='word_1_37' title='bbox 22 738 65 781; x_wconf 89' lang='lat' dir='ltr'><strong>bitis</strong></span> <span class='ocrx_word' id='word_1_38' title='bbox 79 736 199 793; x_wconf 87' lang='lat' dir='ltr'><strong>publiceque</strong></span> <span class='ocrx_word' id='word_1_39' title='bbox 213 737 305 793; x_wconf 80' lang='lat' dir='ltr'><strong>praelegi</strong></span> <span class='ocrx_word' id='word_1_40' title='bbox 323 737 390 779; x_wconf 88' lang='lat' dir='ltr'><strong>solitis</strong></span> <span class='ocrx_word' id='word_1_41' title='bbox 409 737 561 794; x_wconf 83' lang='lat' dir='ltr'><strong>commendata,</strong></span> <span class='ocrx_word' id='word_1_42' title='bbox 579 749 591 779; x_wconf 87' lang='lat' dir='ltr'><strong>a</strong></span> <span class='ocrx_word' id='word_1_43' title='bbox 609 737 707 780; x_wconf 85' lang='lat' dir='ltr'><strong>Patribus</strong></span> 
     </span>
     <span class='ocr_line' id='line_1_9' title="bbox 23 813 707 865; baseline -0.001 -7"><span class='ocrx_word' id='word_1_44' title='bbox 23 814 46 858; x_wconf 88' lang='lat' dir='ltr'><strong>ad</strong></span> <span class='ocrx_word' id='word_1_45' title='bbox 59 813 222 857; x_wconf 85' lang='lat' dir='ltr'><strong>aedificationem</strong></span> <span class='ocrx_word' id='word_1_46' title='bbox 236 814 340 865; x_wconf 86' lang='lat' dir='ltr'><strong>ecclesiae</strong></span> <span class='ocrx_word' id='word_1_47' title='bbox 352 813 443 855; x_wconf 88' lang='lat' dir='ltr'><strong>adhibita</strong></span> <span class='ocrx_word' id='word_1_48' title='bbox 454 826 479 856; x_wconf 84' lang='lat' dir='ltr'><strong>ae</strong></span> <span class='ocrx_word' id='word_1_49' title='bbox 488 814 523 856; x_wconf 89' lang='lat' dir='ltr'><strong>vel</strong></span> <span class='ocrx_word' id='word_1_50' title='bbox 532 814 661 857; x_wconf 80' lang='lat' dir='ltr'><strong>cautionibus</strong></span> <span class='ocrx_word' id='word_1_51' title='bbox 671 828 707 857; x_wconf 88' lang='lat' dir='ltr'><strong>ce-</strong></span> 
     </span>
     <span class='ocr_line' id='line_1_10' title="bbox 23 890 708 947; baseline 0 -12"><span class='ocrx_word' id='word_1_52' title='bbox 23 892 95 935; x_wconf 86' lang='lat' dir='ltr'><strong>lebrata</strong></span> <span class='ocrx_word' id='word_1_53' title='bbox 110 897 150 945; x_wconf 79' lang='lat' dir='ltr'><strong>est,</strong></span> <span class='ocrx_word' id='word_1_54' title='bbox 165 893 223 946; x_wconf 84' lang='lat' dir='ltr'><strong>cujus</strong></span> <span class='ocrx_word' id='word_1_55' title='bbox 237 891 289 934; x_wconf 85' lang='lat' dir='ltr'><strong>sales</strong></span> <span class='ocrx_word' id='word_1_56' title='bbox 304 891 403 933; x_wconf 84' lang='lat' dir='ltr'><strong>historica</strong></span> <span class='ocrx_word' id='word_1_57' title='bbox 417 890 460 933; x_wconf 83' lang='lat' dir='ltr'><strong>sere</strong></span> <span class='ocrx_word' id='word_1_58' title='bbox 474 903 581 947; x_wconf 74' lang='lat' dir='ltr'><strong>uunquam,</strong></span> <span class='ocrx_word' id='word_1_59' title='bbox 595 904 622 935; x_wconf 90' lang='lat' dir='ltr'><strong>ne</strong></span> <span class='ocrx_word' id='word_1_60' title='bbox 636 893 708 935; x_wconf 76' lang='lat' dir='ltr'><strong>nostrai</strong></span> 
     </span>
    </p>

    <p class='ocr_par' dir='ltr' id='par_1_5' title="bbox 4 967 708 1029">
     <span class='ocr_line' id='line_1_11' title="bbox 4 967 708 1029; baseline 0.001 -20"><span class='ocrx_word' id='word_1_61' title='bbox 4 1027 6 1029; x_wconf 8' lang='lat' dir='ltr'>k</span> <span class='ocrx_word' id='word_1_62' title='bbox 22 967 98 1022; x_wconf 91' lang='lat' dir='ltr'><strong>quidem</strong></span> <span class='ocrx_word' id='word_1_63' title='bbox 112 968 194 1022; x_wconf 85' lang='lat' dir='ltr'><strong>aetate,</strong></span> <span class='ocrx_word' id='word_1_64' title='bbox 214 968 266 1009; x_wconf 91' lang='lat' dir='ltr'><strong>adeo</strong></span> <span class='ocrx_word' id='word_1_65' title='bbox 281 969 302 1009; x_wconf 93' lang='lat' dir='ltr'><strong>in</strong></span> <span class='ocrx_word' id='word_1_66' title='bbox 317 968 462 1009; x_wconf 88' lang='lat' dir='ltr'><strong>dubitationem</strong></span> <span class='ocrx_word' id='word_1_67' title='bbox 476 973 551 1019; x_wconf 80' lang='lat' dir='ltr'><strong>vocata</strong></span> <span class='ocrx_word' id='word_1_68' title='bbox 566 972 609 1027; x_wconf 82' lang='lat' dir='ltr'><strong>est,</strong></span> <span class='ocrx_word' id='word_1_69' title='bbox 628 973 649 1010; x_wconf 91' lang='lat' dir='ltr'><strong>ut</strong></span> <span class='ocrx_word' id='word_1_70' title='bbox 668 981 708 1010; x_wconf 90' lang='lat' dir='ltr'><strong>non</strong></span> 
     </span>
    </p>

    <p class='ocr_par' dir='ltr' id='par_1_6' title="bbox 3 1032 709 1177">
     <span class='ocr_line' id='line_1_12' title="bbox 3 1032 708 1103; baseline 0 -17"><span class='ocrx_word' id='word_1_71' title='bbox 3 1056 5 1067; x_wconf 75' lang='lat'>³</span> <span class='ocrx_word' id='word_1_72' title='bbox 22 1044 44 1086; x_wconf 86' lang='lat' dir='ltr'><strong>od</strong></span> <span class='ocrx_word' id='word_1_73' title='bbox 58 1049 149 1103; x_wconf 71' lang='lat' dir='ltr'><strong>tempus,</strong></span> <span class='ocrx_word' id='word_1_74' title='bbox 168 1059 207 1101; x_wconf 91' lang='lat' dir='ltr'><strong>quo</strong></span> <span class='ocrx_word' id='word_1_75' title='bbox 221 1035 436 1101; x_wconf 86' lang='lat' dir='ltr'><strong>Habacucpropheta</strong></span> <span class='ocrx_word' id='word_1_76' title='bbox 450 1032 526 1088; x_wconf 82' lang='lat' dir='ltr'><strong>uixerit</strong></span> <span class='ocrx_word' id='word_1_77' title='bbox 540 1058 565 1088; x_wconf 87' lang='lat' dir='ltr'><strong>ac</strong></span> <span class='ocrx_word' id='word_1_78' title='bbox 583 1045 708 1088; x_wconf 85' lang='lat' dir='ltr'><strong>vaticinatus</strong></span> 
     </span>
     <span class='ocr_line' id='line_1_13' title="bbox 22 1113 709 1177; baseline 0.003 -15"><span class='ocrx_word' id='word_1_79' title='bbox 22 1120 151 1173; x_wconf 73' lang='lat' dir='ltr'><strong>fuerit‚&#39;inde</strong></span> <span class='ocrx_word' id='word_1_80' title='bbox 167 1123 270 1165; x_wconf 88' lang='lat' dir='ltr'><strong>conclusio</strong></span> <span class='ocrx_word' id='word_1_81' title='bbox 284 1123 329 1164; x_wconf 80' lang='lat' dir='ltr'><strong>fieri</strong></span> <span class='ocrx_word' id='word_1_82' title='bbox 340 1113 379 1165; x_wconf 48' lang='lat' dir='ltr'><strong>&#39;vel</strong></span> <span class='ocrx_word' id='word_1_83' title='bbox 393 1126 450 1164; x_wconf 89' lang='lat' dir='ltr'><strong>certe</strong></span> <span class='ocrx_word' id='word_1_84' title='bbox 465 1124 583 1176; x_wconf 77' lang='lat' dir='ltr'><strong>conjectura</strong></span> <span class='ocrx_word' id='word_1_85' title='bbox 598 1124 643 1177; x_wconf 88' lang='lat' dir='ltr'><strong>capi</strong></span> <span class='ocrx_word' id='word_1_86' title='bbox 657 1135 709 1177; x_wconf 92' lang='lat' dir='ltr'><strong>pos-</strong></span> 
     </span>
    </p>

    <p class='ocr_par' dir='ltr' id='par_1_7' title="bbox 3 1180 709 1253">
     <span class='ocr_line' id='line_1_14' title="bbox 3 1180 709 1253; baseline 0.006 -18"><span class='ocrx_word' id='word_1_87' title='bbox 3 1197 5 1199; x_wconf 39' lang='lat'><em>*</em></span> <span class='ocrx_word' id='word_1_88' title='bbox 22 1180 57 1250; x_wconf 51' lang='lat' dir='ltr'><strong>sit,¹¹</strong></span> <span class='ocrx_word' id='word_1_89' title='bbox 65 1197 197 1239; x_wconf 89' lang='lat' dir='ltr'><strong>traditionem</strong></span> <span class='ocrx_word' id='word_1_90' title='bbox 212 1199 256 1238; x_wconf 90' lang='lat' dir='ltr'><strong>dico</strong></span> <span class='ocrx_word' id='word_1_91' title='bbox 271 1198 297 1239; x_wconf 90' lang='lat' dir='ltr'><strong>de</strong></span> <span class='ocrx_word' id='word_1_92' title='bbox 311 1199 423 1239; x_wconf 90' lang='lat' dir='ltr'><strong>Habacuco</strong></span> <span class='ocrx_word' id='word_1_93' title='bbox 437 1198 464 1238; x_wconf 92' lang='lat' dir='ltr'><strong>ad</strong></span> <span class='ocrx_word' id='word_1_94' title='bbox 482 1198 598 1248; x_wconf 87' lang='lat' dir='ltr'><strong>Danielem,</strong></span> <span class='ocrx_word' id='word_1_95' title='bbox 613 1200 647 1252; x_wconf 93' lang='lat' dir='ltr'><strong>qui</strong></span> <span class='ocrx_word' id='word_1_96' title='bbox 659 1212 709 1253; x_wconf 74' lang='lat' dir='ltr'><strong>pro=</strong></span> 
     </span>
    </p>

    <p class='ocr_par' dir='ltr' id='par_1_8' title="bbox 1 1273 750 1484">
     <span class='ocr_line' id='line_1_15' title="bbox 1 1273 708 1327; baseline 0.004 -17"><span class='ocrx_word' id='word_1_97' title='bbox 1 1317 3 1327; x_wconf 19' lang='grc' dir='ltr'>ἶ</span> <span class='ocrx_word' id='word_1_98' title='bbox 21 1276 63 1325; x_wconf 89' lang='lat' dir='ltr'><strong>pter</strong></span> <span class='ocrx_word' id='word_1_99' title='bbox 77 1273 149 1315; x_wconf 89' lang='lat' dir='ltr'><strong>Belum</strong></span> <span class='ocrx_word' id='word_1_100' title='bbox 164 1274 290 1316; x_wconf 86' lang='lat' dir='ltr'><strong>confractum</strong></span> <span class='ocrx_word' id='word_1_101' title='bbox 304 1278 326 1315; x_wconf 90' lang='lat' dir='ltr'><strong>et</strong></span> <span class='ocrx_word' id='word_1_102' title='bbox 340 1273 457 1315; x_wconf 80' lang='lat' dir='ltr'><strong>Draconem</strong></span> <span class='ocrx_word' id='word_1_103' title='bbox 470 1274 599 1315; x_wconf 79' lang='lat' dir='ltr'><strong>interfectum</strong></span> <span class='ocrx_word' id='word_1_104' title='bbox 613 1274 634 1314; x_wconf 91' lang='lat' dir='ltr'><strong>in</strong></span> <span class='ocrx_word' id='word_1_105' title='bbox 643 1275 708 1315; x_wconf 89' lang='lat' dir='ltr'><strong>lacum</strong></span> 
     </span>
     <span class='ocr_line' id='line_1_16' title="bbox 21 1349 708 1406; baseline 0.004 -17"><span class='ocrx_word' id='word_1_106' title='bbox 21 1349 96 1390; x_wconf 89' lang='lat' dir='ltr'><strong>leonum</strong></span> <span class='ocrx_word' id='word_1_107' title='bbox 106 1352 212 1404; x_wconf 88' lang='lat' dir='ltr'><strong>conjectus</strong></span> <span class='ocrx_word' id='word_1_108' title='bbox 222 1354 274 1405; x_wconf 77' lang='lat' dir='ltr'><strong>erat,</strong></span> <span class='ocrx_word' id='word_1_109' title='bbox 287 1363 331 1392; x_wconf 89' lang='lat' dir='ltr'><strong>cum</strong></span> <span class='ocrx_word' id='word_1_110' title='bbox 341 1350 406 1405; x_wconf 90' lang='lat' dir='ltr'><strong>epulis</strong></span> <span class='ocrx_word' id='word_1_111' title='bbox 415 1349 542 1406; x_wconf 78' lang='lat' dir='ltr'><strong>Babylonem</strong></span> <span class='ocrx_word' id='word_1_112' title='bbox 551 1351 644 1406; x_wconf 90' lang='lat' dir='ltr'><strong>abrepto.</strong></span> <span class='ocrx_word' id='word_1_113' title='bbox 661 1351 708 1392; x_wconf 86' lang='lat' dir='ltr'><strong>llu-</strong></span> 
     </span>
     <span class='ocr_line' id='line_1_17' title="bbox 18 1427 750 1484; baseline 0.004 -17"><span class='ocrx_word' id='word_1_114' title='bbox 18 1428 50 1479; x_wconf 78' lang='lat' dir='ltr'><strong>Jus</strong></span> <span class='ocrx_word' id='word_1_115' title='bbox 64 1427 181 1470; x_wconf 78' lang='lat' dir='ltr'><strong>traditionis</strong></span> <span class='ocrx_word' id='word_1_116' title='bbox 195 1428 292 1484; x_wconf 80' lang='lat' dir='ltr'><strong>origines,</strong></span> <span class='ocrx_word' id='word_1_117' title='bbox 306 1428 375 1469; x_wconf 86' lang='lat' dir='ltr'><strong>fontes</strong></span> <span class='ocrx_word' id='word_1_118' title='bbox 390 1428 539 1470; x_wconf 89' lang='lat' dir='ltr'><strong>acvarietates</strong></span> <span class='ocrx_word' id='word_1_119' title='bbox 548 1427 648 1482; x_wconf 84' lang='lat' dir='ltr'><strong>deinceps</strong></span> <span class='ocrx_word' id='word_1_120' title='bbox 658 1440 708 1470; x_wconf 89' lang='lat' dir='ltr'><strong>con·</strong></span> <span class='ocrx_word' id='word_1_121' title='bbox 748 1427 750 1431; x_wconf 85' lang='lat'>&#39;</span> 
     </span>
    </p>

    <p class='ocr_par' dir='ltr' id='par_1_9' title="bbox 0 1502 711 2096">
     <span class='ocr_line' id='line_1_18' title="bbox 0 1502 709 1561; baseline 0.006 -20"><span class='ocrx_word' id='word_1_122' title='bbox 0 1514 2 1516; x_wconf 50' lang='grc'><strong>“</strong></span> <span class='ocrx_word' id='word_1_123' title='bbox 21 1502 164 1561; x_wconf 74' lang='lat' dir='ltr'><strong>siderabimus,</strong></span> <span class='ocrx_word' id='word_1_124' title='bbox 184 1503 286 1559; x_wconf 76' lang='lat' dir='ltr'><strong>omnibus,</strong></span> <span class='ocrx_word' id='word_1_125' title='bbox 304 1514 438 1558; x_wconf 88' lang='lat' dir='ltr'><strong>quaecunque</strong></span> <span class='ocrx_word' id='word_1_126' title='bbox 457 1504 483 1545; x_wconf 86' lang='lat' dir='ltr'><strong>ad</strong></span> <span class='ocrx_word' id='word_1_127' title='bbox 502 1514 548 1545; x_wconf 89' lang='lat' dir='ltr'><strong>eam</strong></span> <span class='ocrx_word' id='word_1_128' title='bbox 566 1503 709 1545; x_wconf 82' lang='lat' dir='ltr'><strong>illustrandam</strong></span> 
     </span>
     <span class='ocr_line' id='line_1_19' title="bbox 21 1580 709 1637; baseline 0.003 -16"><span class='ocrx_word' id='word_1_129' title='bbox 21 1581 112 1623; x_wconf 80' lang='lat' dir='ltr'><strong>conferre</strong></span> <span class='ocrx_word' id='word_1_130' title='bbox 125 1581 207 1637; x_wconf 88' lang='lat' dir='ltr'><strong>possint</strong></span> <span class='ocrx_word' id='word_1_131' title='bbox 222 1584 243 1622; x_wconf 89' lang='lat' dir='ltr'><strong>et</strong></span> <span class='ocrx_word' id='word_1_132' title='bbox 256 1580 283 1622; x_wconf 91' lang='lat' dir='ltr'><strong>ad</strong></span> <span class='ocrx_word' id='word_1_133' title='bbox 298 1581 343 1634; x_wconf 88' lang='lat' dir='ltr'><strong>ejus</strong></span> <span class='ocrx_word' id='word_1_134' title='bbox 356 1580 463 1622; x_wconf 89' lang='lat' dir='ltr'><strong>historiam</strong></span> <span class='ocrx_word' id='word_1_135' title='bbox 477 1580 552 1635; x_wconf 91' lang='lat' dir='ltr'><strong>aliquid</strong></span> <span class='ocrx_word' id='word_1_136' title='bbox 564 1581 660 1622; x_wconf 87' lang='lat' dir='ltr'><strong>momenti</strong></span> <span class='ocrx_word' id='word_1_137' title='bbox 668 1581 709 1624; x_wconf 90' lang='lat' dir='ltr'><strong>ha-</strong></span> 
     </span>
     <span class='ocr_line' id='line_1_20' title="bbox 21 1655 709 1714; baseline 0.003 -17"><span class='ocrx_word' id='word_1_138' title='bbox 21 1655 75 1714; x_wconf 65' lang='lat' dir='ltr'><strong>bent7</strong></span> <span class='ocrx_word' id='word_1_139' title='bbox 90 1657 200 1714; x_wconf 84' lang='lat' dir='ltr'><strong>diligenter</strong></span> <span class='ocrx_word' id='word_1_140' title='bbox 210 1656 338 1712; x_wconf 88' lang='lat' dir='ltr'><strong>conquisitis.</strong></span> <span class='ocrx_word' id='word_1_141' title='bbox 365 1655 455 1698; x_wconf 87' lang='lat' dir='ltr'><strong>Primum</strong></span> <span class='ocrx_word' id='word_1_142' title='bbox 466 1669 517 1699; x_wconf 87' lang='lat' dir='ltr'><strong>vero</strong></span> <span class='ocrx_word' id='word_1_143' title='bbox 527 1669 654 1712; x_wconf 83' lang='lat' dir='ltr'><strong>exponemus</strong></span> <span class='ocrx_word' id='word_1_144' title='bbox 664 1658 709 1712; x_wconf 89' lang='lat' dir='ltr'><strong>ejus</strong></span> 
     </span>
     <span class='ocr_line' id='line_1_21' title="bbox 20 1734 708 1790; baseline 0.007 -19"><span class='ocrx_word' id='word_1_145' title='bbox 20 1734 138 1775; x_wconf 84' lang='lat' dir='ltr'><strong>traditionis·</strong></span> <span class='ocrx_word' id='word_1_146' title='bbox 145 1735 236 1789; x_wconf 87' lang='lat' dir='ltr'><strong>speciem</strong></span> <span class='ocrx_word' id='word_1_147' title='bbox 246 1738 308 1788; x_wconf 88' lang='lat' dir='ltr'><strong>atque</strong></span> <span class='ocrx_word' id='word_1_148' title='bbox 319 1738 391 1783; x_wconf 84' lang='lat' dir='ltr'><strong>ortum,</strong></span> <span class='ocrx_word' id='word_1_149' title='bbox 405 1734 472 1787; x_wconf 86' lang='lat' dir='ltr'><strong>qualis</strong></span> <span class='ocrx_word' id='word_1_150' title='bbox 480 1734 501 1773; x_wconf 88' lang='lat' dir='ltr'><strong>in</strong></span> <span class='ocrx_word' id='word_1_151' title='bbox 510 1734 642 1790; x_wconf 69' lang='lat' dir='ltr'><strong>apocryphis7</strong></span> <span class='ocrx_word' id='word_1_152' title='bbox 655 1748 708 1789; x_wconf 90' lang='lat' dir='ltr'><strong>quae</strong></span> 
     </span>
     <span class='ocr_line' id='line_1_22' title="bbox 20 1808 710 1853; baseline 0.006 -4"><span class='ocrx_word' id='word_1_153' title='bbox 20 1809 148 1853; x_wconf 89' lang='lat' dir='ltr'><strong>versionibus</strong></span> <span class='ocrx_word' id='word_1_154' title='bbox 162 1809 250 1853; x_wconf 82' lang='lat' dir='ltr'><strong>Graecis</strong></span> <span class='ocrx_word' id='word_1_155' title='bbox 264 1822 277 1851; x_wconf 89' lang='lat' dir='ltr'><strong>a</strong></span> <span class='ocrx_word' id='word_1_156' title='bbox 291 1809 351 1851; x_wconf 83' lang='lat' dir='ltr'><strong>LXX</strong></span> <span class='ocrx_word' id='word_1_157' title='bbox 365 1812 388 1851; x_wconf 87' lang='lat' dir='ltr'><strong>et</strong></span> <span class='ocrx_word' id='word_1_158' title='bbox 401 1808 544 1852; x_wconf 83' lang='lat' dir='ltr'><strong>l&#39;heodotione</strong></span> <span class='ocrx_word' id='word_1_159' title='bbox 557 1809 618 1852; x_wconf 87' lang='lat' dir='ltr'><strong>sactis</strong></span> <span class='ocrx_word' id='word_1_160' title='bbox 628 1811 710 1853; x_wconf 80' lang='lat' dir='ltr'><strong>intexta</strong></span> 
     </span>
     <span class='ocr_line' id='line_1_23' title="bbox 21 1886 709 1944; baseline 0.009 -20"><span class='ocrx_word' id='word_1_161' title='bbox 21 1890 72 1936; x_wconf 88' lang='lat' dir='ltr'><strong>sunt,</strong></span> <span class='ocrx_word' id='word_1_162' title='bbox 86 1889 145 1930; x_wconf 93' lang='lat' dir='ltr'><strong>nobis</strong></span> <span class='ocrx_word' id='word_1_163' title='bbox 159 1891 339 1944; x_wconf 71' lang='lat' dir='ltr'><strong>repraesentatur-3</strong></span> <span class='ocrx_word' id='word_1_164' title='bbox 359 1886 442 1943; x_wconf 78' lang='lat' dir='ltr'><strong>deinde,</strong></span> <span class='ocrx_word' id='word_1_165' title='bbox 454 1887 481 1929; x_wconf 85' lang='lat' dir='ltr'><strong>ad</strong></span> <span class='ocrx_word' id='word_1_166' title='bbox 495 1888 540 1940; x_wconf 84' lang='lat' dir='ltr'><strong>ejrrs</strong></span> <span class='ocrx_word' id='word_1_167' title='bbox 555 1888 614 1942; x_wconf 88' lang='lat' dir='ltr'><strong>quasi</strong></span> <span class='ocrx_word' id='word_1_168' title='bbox 627 1889 709 1930; x_wconf 90' lang='lat' dir='ltr'><strong>incuna-</strong></span> 
     </span>
     <span class='ocr_line' id='line_1_24' title="bbox 21 1960 709 2022; baseline 0.01 -20"><span class='ocrx_word' id='word_1_169' title='bbox 21 1960 64 2006; x_wconf 91' lang='lat' dir='ltr'><strong>bula</strong></span> <span class='ocrx_word' id='word_1_170' title='bbox 78 1966 162 2021; x_wconf 90' lang='lat' dir='ltr'><strong>propius</strong></span> <span class='ocrx_word' id='word_1_171' title='bbox 173 1964 307 2022; x_wconf 67' lang='lat' dir='ltr'><strong>accedentes7</strong></span> <span class='ocrx_word' id='word_1_172' title='bbox 321 1964 454 2019; x_wconf 75' lang='lat' dir='ltr'><strong>fragmentum</strong></span> <span class='ocrx_word' id='word_1_173' title='bbox 463 1963 572 2020; x_wconf 85' lang='lat' dir='ltr'><strong>archetypi</strong></span> <span class='ocrx_word' id='word_1_174' title='bbox 580 1964 651 2008; x_wconf 85' lang='lat' dir='ltr'><strong>horum</strong></span> <span class='ocrx_word' id='word_1_175' title='bbox 659 1979 709 2021; x_wconf 87' lang='lat' dir='ltr'><strong>apo-</strong></span> 
     </span>
     <span class='ocr_line' id='line_1_25' title="bbox 21 2034 711 2096; baseline 0.004 -17"><span class='ocrx_word' id='word_1_176' title='bbox 21 2042 139 2096; x_wconf 83' lang='lat' dir='ltr'><strong>cryphorum</strong></span> <span class='ocrx_word' id='word_1_177' title='bbox 153 2043 249 2084; x_wconf 86' lang='lat' dir='ltr'><strong>aramaici</strong></span> <span class='ocrx_word' id='word_1_178' title='bbox 263 2043 322 2083; x_wconf 92' lang='lat' dir='ltr'><strong>uobis</strong></span> <span class='ocrx_word' id='word_1_179' title='bbox 336 2044 481 2083; x_wconf 86' lang='lat' dir='ltr'><strong>conservatum</strong></span> <span class='ocrx_word' id='word_1_180' title='bbox 499 2054 549 2083; x_wconf 89' lang='lat' dir='ltr'><strong>esse</strong></span> <span class='ocrx_word' id='word_1_181' title='bbox 568 2034 711 2092; x_wconf 57' lang='lat' dir='ltr'><strong>ostendemus</strong></span> 
     </span>
    </p>
   </div>
   <div class='ocr_carea' id='block_1_4' title="bbox 21 2156 711 2424">
    <p class='ocr_par' dir='ltr' id='par_1_10' title="bbox 21 2156 711 2424">
     <span class='ocr_line' id='line_1_26' title="bbox 21 2156 711 2210; baseline 0.003 -17"><span class='ocrx_word' id='word_1_182' title='bbox 21 2162 72 2196; x_wconf 84' lang='lat' dir='ltr'><strong>idest</strong></span> <span class='ocrx_word' id='word_1_183' title='bbox 83 2163 169 2210; x_wconf 70' lang='lat' dir='ltr'><strong>dorpaneo,</strong></span> <span class='ocrx_word' id='word_1_184' title='bbox 180 2167 213 2198; x_wconf 88' lang='lat' dir='ltr'><strong>hoc</strong></span> <span class='ocrx_word' id='word_1_185' title='bbox 224 2168 251 2197; x_wconf 89' lang='lat' dir='ltr'><strong>est</strong></span> <span class='ocrx_word' id='word_1_186' title='bbox 262 2156 352 2205; x_wconf 86' lang='lat' dir='ltr'><strong>testam,</strong></span> <span class='ocrx_word' id='word_1_187' title='bbox 370 2166 429 2198; x_wconf 83' lang='lat' dir='ltr'><strong>urbem</strong></span> <span class='ocrx_word' id='word_1_188' title='bbox 445 2164 546 2197; x_wconf 77' lang='lat' dir='ltr'><strong>ostracinen</strong></span> <span class='ocrx_word' id='word_1_189' title='bbox 560 2165 634 2204; x_wconf 81' lang='lat' dir='ltr'><strong>intelligi</strong></span> <span class='ocrx_word' id='word_1_190' title='bbox 650 2166 711 2196; x_wconf 84' lang='lat' dir='ltr'><strong>volunt</strong></span> 
     </span>
     <span class='ocr_line' id='line_1_27' title="bbox 22 2218 710 2261; baseline -0.003 -10"><span class='ocrx_word' id='word_1_191' title='bbox 22 2222 38 2248; x_wconf 87' lang='lat' dir='ltr'><strong>et</strong></span> <span class='ocrx_word' id='word_1_192' title='bbox 48 2222 115 2252; x_wconf 87' lang='lat' dir='ltr'><strong>ceteras</strong></span> <span class='ocrx_word' id='word_1_193' title='bbox 123 2218 175 2261; x_wconf 84' lang='lat' dir='ltr'><strong>juxta</strong></span> <span class='ocrx_word' id='word_1_194' title='bbox 185 2221 320 2253; x_wconf 81' lang='lat' dir='ltr'><strong>Rhinocoruram</strong></span> <span class='ocrx_word' id='word_1_195' title='bbox 332 2223 349 2253; x_wconf 88' lang='lat' dir='ltr'><strong>et</strong></span> <span class='ocrx_word' id='word_1_196' title='bbox 361 2220 429 2253; x_wconf 75' lang='lat' dir='ltr'><strong>basium</strong></span> <span class='ocrx_word' id='word_1_197' title='bbox 440 2220 529 2260; x_wconf 83' lang='lat' dir='ltr'><strong>civitates,</strong></span> <span class='ocrx_word' id='word_1_198' title='bbox 544 2227 585 2258; x_wconf 87' lang='lat' dir='ltr'><strong>quas</strong></span> <span class='ocrx_word' id='word_1_199' title='bbox 597 2227 649 2257; x_wconf 85' lang='lat' dir='ltr'><strong>usque</strong></span> <span class='ocrx_word' id='word_1_200' title='bbox 660 2218 710 2250; x_wconf 87' lang='lat' dir='ltr'><strong>hodie</strong></span> 
     </span>
     <span class='ocr_line' id='line_1_28' title="bbox 21 2266 709 2317; baseline 0.004 -17"><span class='ocrx_word' id='word_1_201' title='bbox 21 2272 37 2302; x_wconf 90' lang='lat' dir='ltr'><strong>in</strong></span> <span class='ocrx_word' id='word_1_202' title='bbox 47 2274 129 2315; x_wconf 79' lang='lat' dir='ltr'><strong>Aegypto</strong></span> <span class='ocrx_word' id='word_1_203' title='bbox 140 2276 200 2316; x_wconf 79' lang='lat' dir='ltr'><strong>lingua</strong></span> <span class='ocrx_word' id='word_1_204' title='bbox 211 2273 332 2317; x_wconf 75' lang='lat' dir='ltr'><strong>chananitide,</strong></span> <span class='ocrx_word' id='word_1_205' title='bbox 348 2277 382 2307; x_wconf 86' lang='lat' dir='ltr'><strong>hoo</strong></span> <span class='ocrx_word' id='word_1_206' title='bbox 390 2266 427 2315; x_wconf 81' lang='lat' dir='ltr'><strong>est,</strong></span> <span class='ocrx_word' id='word_1_207' title='bbox 444 2274 490 2314; x_wconf 78' lang='lat' dir='ltr'><strong>Syra</strong></span> <span class='ocrx_word' id='word_1_208' title='bbox 500 2274 546 2313; x_wconf 86' lang='lat' dir='ltr'><strong>loqui</strong></span> <span class='ocrx_word' id='word_1_209' title='bbox 558 2273 665 2310; x_wconf 84' lang='lat' dir='ltr'><strong>manifestum</strong></span> <span class='ocrx_word' id='word_1_210' title='bbox 677 2276 709 2311; x_wconf 77' lang='lat' dir='ltr'><strong>est,</strong></span> 
     </span>
     <span class='ocr_line' id='line_1_29' title="bbox 21 2327 709 2371; baseline -0.003 -11"><span class='ocrx_word' id='word_1_211' title='bbox 21 2327 110 2370; x_wconf 69' lang='lat' dir='ltr'><strong>ettotam,</strong></span> <span class='ocrx_word' id='word_1_212' title='bbox 122 2338 132 2362; x_wconf 90' lang='lat' dir='ltr'><strong>e</strong></span> <span class='ocrx_word' id='word_1_213' title='bbox 144 2331 220 2362; x_wconf 85' lang='lat' dir='ltr'><strong>vicino</strong></span> <span class='ocrx_word' id='word_1_214' title='bbox 231 2331 300 2369; x_wconf 79' lang='lat' dir='ltr'><strong>Syrus</strong></span> <span class='ocrx_word' id='word_1_215' title='bbox 311 2332 377 2371; x_wconf 87' lang='lat' dir='ltr'><strong>atque</strong></span> <span class='ocrx_word' id='word_1_216' title='bbox 389 2329 473 2362; x_wconf 81' lang='lat' dir='ltr'><strong>Arabes</strong></span> <span class='ocrx_word' id='word_1_217' title='bbox 484 2336 495 2360; x_wconf 89' lang='lat' dir='ltr'><strong>a</strong></span> <span class='ocrx_word' id='word_1_218' title='bbox 505 2327 709 2360; x_wconf 83' lang='lat' dir='ltr'><strong>Nabuchodonosor</strong></span> 
     </span>
     <span class='ocr_line' id='line_1_30' title="bbox 21 2379 442 2424; baseline 0.007 -11"><span class='ocrx_word' id='word_1_219' title='bbox 21 2379 40 2413; x_wconf 93' lang='lat' dir='ltr'><strong>iu</strong></span> <span class='ocrx_word' id='word_1_220' title='bbox 51 2383 112 2424; x_wconf 81' lang='lat' dir='ltr'><strong>iiiam</strong></span> <span class='ocrx_word' id='word_1_221' title='bbox 124 2386 205 2418; x_wconf 81' lang='lat' dir='ltr'><strong>terrani</strong></span> <span class='ocrx_word' id='word_1_222' title='bbox 216 2383 289 2416; x_wconf 83' lang='lat' dir='ltr'><strong>inisse</strong></span> <span class='ocrx_word' id='word_1_223' title='bbox 301 2379 442 2418; x_wconf 82' lang='lat' dir='ltr'><strong>translatos.“</strong></span> 
     </span>
    </p>
   </div>
   <div class='ocr_carea' id='block_1_5' title="bbox 21 2448 711 2768">
    <p class='ocr_par' dir='ltr' id='par_1_11' title="bbox 21 2448 711 2768">
     <span class='ocr_line' id='line_1_31' title="bbox 61 2448 710 2488; baseline 0.002 -6"><span class='ocrx_word' id='word_1_224' title='bbox 61 2451 90 2488; x_wconf 78' lang='lat'><strong>52]</strong></span> <span class='ocrx_word' id='word_1_225' title='bbox 98 2448 139 2483; x_wconf 67' lang='lat' dir='ltr'><strong>&#39;ilou</strong></span> <span class='ocrx_word' id='word_1_226' title='bbox 149 2459 212 2482; x_wconf 76' lang='lat' dir='ltr'><strong>morinen</strong></span> <span class='ocrx_word' id='word_1_227' title='bbox 224 2452 317 2483; x_wconf 73' lang='lat' dir='ltr'><strong>inliteratum</strong></span> <span class='ocrx_word' id='word_1_228' title='bbox 328 2459 355 2483; x_wconf 88' lang='lat' dir='ltr'><strong>me</strong></span> <span class='ocrx_word' id='word_1_229' title='bbox 370 2457 409 2482; x_wconf 86' lang='lat' dir='ltr'><strong>esse</strong></span> <span class='ocrx_word' id='word_1_230' title='bbox 422 2450 479 2482; x_wconf 85' lang='lat' dir='ltr'><strong>fateor</strong></span> <span class='ocrx_word' id='word_1_231' title='bbox 494 2459 505 2482; x_wconf 88' lang='lat' dir='ltr'><strong>a</strong></span> <span class='ocrx_word' id='word_1_232' title='bbox 521 2450 588 2482; x_wconf 79' lang='lat' dir='ltr'><strong>santo</strong></span> <span class='ocrx_word' id='word_1_233' title='bbox 605 2449 710 2483; x_wconf 77' lang='lat' dir='ltr'><strong>Senensi.</strong></span> 
     </span>
     <span class='ocr_line' id='line_1_32' title="bbox 22 2504 710 2545; baseline -0.001 -11"><span class='ocrx_word' id='word_1_234' title='bbox 22 2505 77 2541; x_wconf 85' lang='lat' dir='ltr'><strong>quiin</strong></span> <span class='ocrx_word' id='word_1_235' title='bbox 88 2506 131 2538; x_wconf 86' lang='lat' dir='ltr'><strong>Bibi.</strong></span> <span class='ocrx_word' id='word_1_236' title='bbox 143 2507 160 2538; x_wconf 79' lang='lat' dir='ltr'><strong>S.</strong></span> <span class='ocrx_word' id='word_1_237' title='bbox 171 2507 191 2538; x_wconf 76' lang='grc' dir='ltr'><strong>Τ.</strong></span> <span class='ocrx_word' id='word_1_238' title='bbox 203 2507 216 2538; x_wconf 89' lang='grc' dir='ltr'><strong>Ι.</strong></span> <span class='ocrx_word' id='word_1_239' title='bbox 232 2515 248 2545; x_wconf 89' lang='lat' dir='ltr'><strong>p.</strong></span> <span class='ocrx_word' id='word_1_240' title='bbox 259 2506 287 2538; x_wconf 73' lang='lat'><strong>22.</strong></span> <span class='ocrx_word' id='word_1_241' title='bbox 301 2508 336 2539; x_wconf 88' lang='lat' dir='ltr'><strong>ait:</strong></span> <span class='ocrx_word' id='word_1_242' title='bbox 353 2506 432 2538; x_wconf 79' lang='lat' dir='ltr'><strong>Ecclesia</strong></span> <span class='ocrx_word' id='word_1_243' title='bbox 448 2504 541 2545; x_wconf 79' lang='lat' dir='ltr'><strong>Catholica</strong></span> <span class='ocrx_word' id='word_1_244' title='bbox 551 2505 572 2537; x_wconf 84' lang='lat' dir='ltr'><strong>ab</strong></span> <span class='ocrx_word' id='word_1_245' title='bbox 589 2504 710 2543; x_wconf 79' lang='lat' dir='ltr'><strong>apostolorum</strong></span> 
     </span>
     <span class='ocr_line' id='line_1_33' title="bbox 22 2557 710 2602; baseline -0.003 -11"><span class='ocrx_word' id='word_1_246' title='bbox 22 2559 124 2597; x_wconf 74' lang='lat' dir='ltr'><strong>temporibus</strong></span> <span class='ocrx_word' id='word_1_247' title='bbox 136 2569 188 2602; x_wconf 86' lang='lat' dir='ltr'><strong>usque</strong></span> <span class='ocrx_word' id='word_1_248' title='bbox 199 2561 253 2592; x_wconf 87' lang='lat' dir='ltr'><strong>adhuc</strong></span> <span class='ocrx_word' id='word_1_249' title='bbox 264 2561 350 2600; x_wconf 86' lang='lat' dir='ltr'><strong>Hymnom</strong></span> <span class='ocrx_word' id='word_1_250' title='bbox 362 2562 414 2592; x_wconf 85' lang='lat' dir='ltr'><strong>trium</strong></span> <span class='ocrx_word' id='word_1_251' title='bbox 424 2567 517 2601; x_wconf 85' lang='lat' dir='ltr'><strong>puerorum</strong></span> <span class='ocrx_word' id='word_1_252' title='bbox 528 2558 604 2602; x_wconf 89' lang='lat' dir='ltr'><strong>quotidie</strong></span> <span class='ocrx_word' id='word_1_253' title='bbox 614 2559 659 2590; x_wconf 89' lang='lat' dir='ltr'><strong>inter</strong></span> <span class='ocrx_word' id='word_1_254' title='bbox 666 2557 710 2589; x_wconf 89' lang='lat' dir='ltr'><strong>divi-</strong></span> 
     </span>
     <span class='ocr_line' id='line_1_34' title="bbox 21 2613 710 2648; baseline 0.003 -5"><span class='ocrx_word' id='word_1_255' title='bbox 21 2618 50 2643; x_wconf 88' lang='lat' dir='ltr'><strong>uas</strong></span> <span class='ocrx_word' id='word_1_256' title='bbox 61 2614 120 2646; x_wconf 82' lang='lat' dir='ltr'><strong>laudas</strong></span> <span class='ocrx_word' id='word_1_257' title='bbox 131 2615 223 2647; x_wconf 82' lang='lat' dir='ltr'><strong>decantans</strong></span> <span class='ocrx_word' id='word_1_258' title='bbox 235 2616 252 2647; x_wconf 90' lang='lat' dir='ltr'><strong>et</strong></span> <span class='ocrx_word' id='word_1_259' title='bbox 263 2614 362 2648; x_wconf 86' lang='lat' dir='ltr'><strong>Orationem</strong></span> <span class='ocrx_word' id='word_1_260' title='bbox 373 2616 445 2648; x_wconf 75' lang='lat' dir='ltr'><strong>naariae</strong></span> <span class='ocrx_word' id='word_1_261' title='bbox 456 2622 490 2647; x_wconf 87' lang='lat' dir='ltr'><strong>una</strong></span> <span class='ocrx_word' id='word_1_262' title='bbox 501 2622 539 2646; x_wconf 88' lang='lat' dir='ltr'><strong>cum</strong></span> <span class='ocrx_word' id='word_1_263' title='bbox 553 2613 629 2646; x_wconf 82' lang='lat' dir='ltr'><strong>Historia</strong></span> <span class='ocrx_word' id='word_1_264' title='bbox 644 2613 710 2645; x_wconf 80' lang='lat' dir='ltr'><strong>Susan-</strong></span> 
     </span>
     <span class='ocr_line' id='line_1_35' title="bbox 21 2668 711 2714; baseline 0.007 -17"><span class='ocrx_word' id='word_1_265' title='bbox 21 2673 52 2699; x_wconf 89' lang='lat' dir='ltr'><strong>uae</strong></span> <span class='ocrx_word' id='word_1_266' title='bbox 63 2672 80 2701; x_wconf 85' lang='lat' dir='ltr'><strong>et</strong></span> <span class='ocrx_word' id='word_1_267' title='bbox 91 2671 137 2702; x_wconf 79' lang='lat' dir='ltr'><strong>uelis</strong></span> <span class='ocrx_word' id='word_1_268' title='bbox 148 2672 198 2712; x_wconf 88' lang='lat' dir='ltr'><strong>atque</strong></span> <span class='ocrx_word' id='word_1_269' title='bbox 209 2670 279 2703; x_wconf 74' lang='lat' dir='ltr'><strong>Adriatic</strong></span> <span class='ocrx_word' id='word_1_270' title='bbox 290 2671 397 2714; x_wconf 79' lang='lat' dir='ltr'><strong>Diccopbori</strong></span> <span class='ocrx_word' id='word_1_271' title='bbox 409 2691 470 2703; x_wconf 81' lang='lat'><em>......</em></span> <span class='ocrx_word' id='word_1_272' title='bbox 483 2671 522 2703; x_wconf 88' lang='lat' dir='ltr'><strong>huic</strong></span> <span class='ocrx_word' id='word_1_273' title='bbox 537 2669 625 2711; x_wconf 83' lang='lat' dir='ltr'><strong>appendici</strong></span> <span class='ocrx_word' id='word_1_274' title='bbox 639 2668 711 2702; x_wconf 85' lang='lat' dir='ltr'><strong>canoni-</strong></span> 
     </span>
     <span class='ocr_line' id='line_1_36' title="bbox 21 2726 297 2768; baseline 0.014 -14"><span class='ocrx_word' id='word_1_275' title='bbox 21 2728 57 2756; x_wconf 85' lang='lat' dir='ltr'><strong>cam</strong></span> <span class='ocrx_word' id='word_1_276' title='bbox 68 2726 187 2760; x_wconf 83' lang='lat' dir='ltr'><strong>auctoritatem</strong></span> <span class='ocrx_word' id='word_1_277' title='bbox 198 2727 297 2768; x_wconf 81' lang='lat' dir='ltr'><strong>promeruit.</strong></span> 
     </span>
    </p>
   </div>
   <div class='ocr_carea' id='block_1_6' title="bbox 0 0 796 2882">
    <p class='ocr_par' dir='ltr' id='par_1_12' title="bbox 0 0 796 2882">
     <span class='ocr_line' id='line_1_37' title="bbox 0 0 796 2882; baseline 0 0"><span class='ocrx_word' id='word_1_278' title='bbox 0 0 796 2882; x_wconf 95' lang='lat' dir='ltr'><strong> </strong></span> 
     </span>
    </p>
   </div>
  </div>
 </body>
</html>
