1628 2882
346 90 399 97 „-
426 64 540 109 ipa-„s

207 226 209 230 Α
269 182 327 213 Ptenis
338 179 389 221 (sicut
400 179 445 223 erut)
456 187 525 220 gravem
536 179 617 211 canistris

270 247 374 286 Suspensum
384 246 429 285 rapit
439 246 457 293 et
467 245 515 276 vehit
525 252 556 284 per
566 251 622 275 auras.

270 366 314 400 {inm
324 368 382 408 raptus
393 367 443 399 simui
453 367 491 408 ipse
500 364 621 406 prandiumque

271 435 337 467 Sensim
347 432 411 467 labitur
421 434 439 467 in
449 433 506 465 lacum
517 433 591 472 leonum,

271 501 294 531 Et
304 508 345 540 qiras
356 502 396 531 tune
407 500 465 539 epulas
476 499 553 540 gerebat,
564 497 619 528 onere.

272 620 332 652 Sumus
342 619 403 659 laetus,
414 598 542 660 stetimusque
553 624 615 658 carpus

272 687 319 724 Quiae
327 681 402 721 summus
407 685 458 717 Pater
465 684 570 732 angelusque
579 682 642 716 Christi

270 733 339 782 Mittunt
349 752 384 782 liha
394 752 425 781 tihi
436 751 467 780 sub
477 751 509 780 hoe
517 746 618 790 periclo-10)

155 868 185 910 At
199 868 310 925 aucteritas
323 868 394 911 hurum
407 867 569 923 apocryphorum
582 878 639 909 mere
656 865 787 920 historica,

102 944 137 988 vel
151 944 178 987 ad
192 958 289 987 summum
294 975 302 1001 ,
317 945 364 1001 quie
377 945 466 988 eeclesia
480 956 506 987 ea
520 947 542 986 ut
555 941 690 998 appendicem
704 946 779 986 eanoni—
813 952 814 955 ’

103 1023 171 1064 eorum
186 1005 308 1076 'receperat
331 1020 570 1063 deuterocaucuiee
588 1031 638 1062 esse
659 1012 781 1077 censebatur,

102 1097 184 1139 minime
197 1097 273 1140 diviua.
300 1097 334 1140 De
346 1098 394 1140 lecu
407 1097 485 1146 iterum,
499 1095 564 1151 inquit
577 1101 649 1138 auctor
662 1097 676 1138 l.
694 1096 720 1139 de
727 1097 781 1140 mirc-

102 1173 176 1215 hilihus
196 1172 327 1231 Scupi-urae,
354 1179 376 1217 et
395 1175 479 1217 Abacuc
496 1173 598 1215 translatu
615 1173 675 1216 Betis
692 1181 714 1216 et
732 1172 781 1216 Dru·

103 1250 161 1292 cunis
175 1250 242 1292 sebnia
256 1251 330 1293 idcirce
344 1252 365 1292 in
379 1251 418 1292 huc
432 1250 503 1292 urdine
522 1263 561 1292 neu
580 1250 674 1304 punitur,
695 1249 747 1305 quud
764 1250 783 1291 iu

102 1327 266 1369 anctoritate
280 1328 389 1370 diuinae
403 1326 558 1382 scripturae
572 1338 619 1367 nen
633 1322 782 1388 haheturssj

104 1399 183 1446 Contra
204 1402 307 1446 Jiiticm
323 1403 486 1460 Africanum
504 1403 536 1456 (iu
554 1416 586 1460 ep,
602 1404 627 1447 de
647 1403 745 1447 Susanna
763 1401 783 1445 ud

105 1478 226 1536 Origenem)
239 1493 284 1523 cum
298 1481 359 1524 etiam
369 1481 487 1524 historicam
495 1481 678 1523 additamenturum
687 1480 785 1522 danieliti-

104 1569 172 1598 curnm
185 1556 246 1599 fidem
259 1557 386 1612 impugnaret
400 1559 462 1610 atque
476 1568 506 1597 ec
516 1570 580 1611 usque
589 1555 755 1612 progrederetur,
767 1556 785 1595 ut

104 1645 130 1674 en
144 1645 188 1675 cum
206 1633 378 1676 Philistionis
395 1632 479 1674 mimis
498 1637 640 1688 compararet,
660 1630 785 1692 Oidpeiiee

103 1708 154 1749 nihil
173 1708 259 1764 amplius
278 1708 374 1750 euincere
393 1713 479 1750 cenatus
498 1710 540 1757 est,
559 1709 618 1765 quam
637 1708 675 1750 hes
693 1706 785 1750 historias

103 1796 168 1825 verus
182 1782 340 1837 judaiceeque
354 1783 497 1825 traditioni
510 1770 710 1842 convenieuicsw),
729 1784 786 1825 utiles

105 1871 130 1901 ac
143 1863 265 1915 propterea,
275 1859 337 1913 quud
350 1859 370 1901 iu
385 1871 463 1900 cantune
481 1860 577 1903 hebraice
594 1874 635 1903 uun
654 1861 786 1917 reperientur,

105 1926 186 1978 omnine
200 1948 241 1977 nen
254 1935 390 1992 rejiciendas,
409 1936 448 1978 sed
462 1949 502 1981 neu
517 1938 562 1980 sine
576 1937 647 1989 diuina
661 1922 787 1994 previdentia

102 2012 162 2054 libris
177 2012 243 2054 secris
261 2011 354 2065 adjectus
372 2013 514 2070 ecclesiaeque
531 2027 633 2058 consensu
650 2013 787 2071 comprobatas

144 2176 173 2214 10)
186 2175 213 2209 Cf·
224 2174 307 2208 Alcimi
321 2175 386 2209 Aviti
397 2178 426 2220 (m.
438 2179 476 2222 525)
487 2181 500 2213 1.
511 2181 532 2214 ad
543 2182 634 2215 Fuscinunn
644 2189 721 2214 sorerem
732 2188 748 2211 v.
760 2176 789 2209 iii

101 2240 131 2272 ss,
144 2234 174 2277 qui
185 2232 256 2264 eandem
267 2231 355 2263 historiam
366 2233 468 2267 hexametris
480 2239 593 2278 persequitur.

144 2310 175 2347 11)
187 2310 233 2341 inter
244 2308 286 2349 Opp.
298 2308 389 2348 Augustini
400 2310 447 2343 Turn.
459 2312 488 2345 iil.
500 2314 529 2345 iih.
540 2314 562 2346 li.
573 2323 588 2347 c.
601 2313 628 2346 32.

145 2385 176 2422 12]
187 2385 277 2417 Recurdor
288 2386 374 2425 equidem,
390 2389 445 2426 iuquit
456 2387 548 2431 Oriyrnes,
565 2398 592 2421 me
607 2398 645 2421 cuni
661 2390 740 2421 Hebraeo
748 2387 789 2430 stu·

102 2439 150 2471 diesu
162 2441 179 2470 et
191 2439 255 2471 ceieuui
267 2438 310 2478 apud
321 2439 361 2470 iiius
372 2442 405 2472 viri
416 2444 498 2480 sapientis
509 2443 544 2475 fiiiu
556 2444 576 2476 ad
587 2444 604 2475 id
616 2444 698 2485 educatc3
715 2447 734 2476 ut
748 2438 790 2482 patri

103 2495 213 2536 succederet,
224 2496 245 2525 de
255 2489 333 2535 piurihus
344 2494 396 2527 rehus
408 2497 460 2528 verua
470 2499 568 2530 miscuisse:
591 2507 601 2530 a
612 2507 644 2539 quc
656 2491 728 2539 perinde
743 2505 763 2530 uc
777 2494 790 2524 si

103 2542 176 2582 historia
187 2550 274 2581 Silsaiiliiie
284 2545 385 2589 rejectanea
395 2559 429 2588 nun
440 2554 487 2583 esset
505 2549 532 2593 (cie
546 2550 569 2595 μὴ
584 2550 698 2597 depromptum
711 2546 791 2597 τῆςπερὶ

102 2603 191 2645 Scinditur
202 2602 283 2649 innuptae)
295 2604 347 2635 didici
358 2613 424 2646 {pinoque
436 2608 525 2646 Seniurum
536 2609 616 2646 numina,
627 2611 678 2647 prout
688 2609 732 2645 aprid
742 2608 790 2637 Jere·

103 2657 154 2687 uriam
164 2661 272 2697 reperiuntur
284 2659 318 2701 (eh,
330 2658 364 2701 17).
387 2660 434 2691 Idem
443 2665 481 2701 „ex
492 2660 576 2693 reiutioue
586 2662 672 2694 Hebraed‘
684 2662 734 2694 effert
749 2660 789 2691 iiie-

103 2718 192 2752 ronpmim.
217 2714 311 2748 iiistcrinm
322 2714 343 2745 de
353 2714 430 2746 susanna
441 2714 500 2747 hateri
511 2718 562 2748 etiam
574 2716 617 2757 apud
628 2712 703 2753 Jiudaeds
721 2711 792 2750 ostendit
