1628 2882
349 81 543 134 *aeft-

106 196 249 240 'theodotione
263 199 285 238 et
298 196 411 249 fragmento
426 194 524 251 Pugionis
533 194 617 235 mirifice
626 194 735 235 consentit.
749 196 785 243 Hu.

103 276 140 329 jus
153 274 215 332 igitur
229 285 342 316 consensus
356 272 409 314 hanc
423 282 506 316 oausam
521 282 570 313 esse
584 282 672 326 censeo,
691 271 744 327 quod
761 280 785 330 pp

107 350 150 393 iilis
164 351 288 407 apocryphis
302 349 419 392 versionem
434 347 545 403 simplicem
555 359 582 394 ex
591 347 687 389 hebraico
697 351 755 391 textu
765 351 786 396 ta.

109 429 247 482 eternorum,
261 430 331 468 textus
342 425 562 478 judaico-ararnaicos
576 437 645 465 eorum
659 424 700 471 sibi
713 436 787 480 compa.

109 504 166 547 ravit
180 507 211 552 et,
229 515 256 545 ne
270 503 323 563 haec
336 501 438 543 versionis
451 511 501 555 pars
516 500 593 560 ceteris
607 500 729 542 anctoritate
743 500 788 548 into.

111 582 152 623 rior
166 584 234 629 esset,
249 579 286 621 hos
300 579 367 634 ipsos,
385 576 469 622 deserte
483 578 687 632 septuagintavirali,
708 581 789 638 vertit,
812 593 814 595 ’

111 659 132 701 ir.
148 671 176 708 e.,
191 670 234 700 enm
249 655 336 698 dictione
350 655 376 697 ad
390 654 478 709 lingnam
492 654 593 709 syriacam
604 656 646 708 jam
661 654 753 710 proxime
762 669 790 700 ec·

112 733 221 781 octonem,
241 732 311 786 paneis
325 731 419 780 mutatis,
437 715 635 784 transscripsit.
668 731 734 784 Syros
749 743 790 775 vero

112 810 197 865 scriptis
208 806 418 861 J'ndaico-aramaicis
432 821 483 850 usos
497 820 545 851 esse
559 807 641 850 aiinnrie
652 811 740 850 constat.
758 809 791 852 Ar-

113 893 158 931 ctor
171 885 274 928 versionis
288 884 385 940 simplicis
399 885 420 926 in
434 885 492 927 libris
506 884 610 928 canonicis
623 885 730 928 vertendis
748 886 792 929 'Par-

113 963 188 1019 gumim
201 962 319 1004 adhibuisse
333 966 428 1003 censetur
442 973 528 1016 eumque
537 961 641 1004 traditioni
647 962 744 1015 judaicae
753 974 792 1016 pas-

115 1042 153 1082 sim
167 1039 226 1080 inniti
239 1039 293 1080 inter
309 1049 379 1080 ornnes
393 1049 513 1079 conoessum
527 1040 567 1080 est.
599 1037 690 1084 Jacobns
704 1036 793 1082 Edesse-

115 1130 164 1174 nns7
183 1114 209 1158 ad
227 1118 384 1172 „aecnratas
398 1115 540 1157 hebraicas
558 1115 708 1173 historias“
724 1128 794 1171 provo·

115 1206 177 1245 cans,
196 1191 313 1244 Targumim
330 1190 447 1245 intelligere
464 1190 558 1248 videtur3
578 1190 717 1246 Epitraemnm
735 1195 795 1233 auten

116 1267 271 1328 parnpirrasium
285 1267 429 1310 aromaticarum
445 1267 580 1322 cognitionem
593 1268 695 1324 quandam
707 1267 796 1309 habuisse

116 1340 299 1402 seraper-nese)
313 1344 469 1387 demonstrarit.
496 1344 543 1386 Huc
557 1344 644 1397 accedit,
659 1345 712 1400 quoii
721 1342 797 1399 Syriam

116 1428 138 1467 et
152 1422 261 1479 praecipue
274 1420 443 1476 Mesopotamiam
454 1421 497 1475 J'am
511 1421 597 1477 Josepni
612 1426 704 1478 tempore
718 1421 798 1464 Judaeis

116 1500 214 1543 refertam
227 1498 292 1540 fuisse
305 1502 429 1551 compertum
442 1499 545 1539 habemns.
574 1498 649 1550 Quidni
663 1499 724 1553 igitur
733 1498 798 1540 doctus

118 1576 217 1632 quispiam
230 1573 299 1629 Syrus
313 1573 452 1616 additamenta
466 1573 560 1617 Danielis
574 1576 693 1631 apocrypho
703 1588 715 1618 a
724 1575 798 1618 Judaeo

88 1635 89 1638 Ἰ
118 1653 212 1708 accipere
226 1654 248 1693 et
262 1652 411 1694 transscribere
424 1647 522 1707 poterat?
557 1652 603 1695 Hoc
617 1653 647 1694 ita
660 1641 800 1699 tactum'esse,

118 1733 188 1773 stante
202 1728 312 1783 fragmenti
324 1728 378 1769 illius
390 1740 403 1770 a
413 1728 533 1783 Raynunrio
544 1728 618 1785 prolati
627 1729 740 1784 authentia,
754 1725 801 1772 omni

118 1808 164 1848 luce
179 1806 253 1846 clarius
267 1812 311 1862 est3
329 1817 374 1845 nam
389 1804 463 1858 Syrum
477 1809 556 1846 tentum
569 1817 665 1859 graecum
679 1804 801 1848 Tireodotio-

119 1883 153 1925 nis
167 1881 259 1922 vertisse
274 1883 295 1921 et
308 1880 401 1922 Judeeos
416 1886 495 1936 partem
514 1884 558 1935 ejus
575 1883 680 1925 versionis
697 1883 719 1924 in
740 1881 802 1925 Bere-

119 1959 175 2003 schit
188 1957 281 2000 Rabbam
294 1957 425 2000 transtulisse
439 1970 451 2001 a
465 1959 613 2002 consuetudine
627 1960 753 2003 Judaeorum
764 1960 803 2014 ejus

120 2036 225 2092 temporis,
238 2048 277 2091 quo
292 2034 401 2082 lieresctrit
413 2035 487 2078 Rabba
500 2038 613 2091 composita
624 2041 665 2093 est,
678 2036 804 2090 pror-susat-

121 2108 237 2168 horret.⁹⁰]
265 2109 350 2161 Quando
365 2123 415 2153 vero
429 2111 504 2154 iactum
518 2112 557 2168 sit,
575 2113 654 2154 definiri
668 2114 749 2170 nequit,
766 2111 804 2154 ior·

121 2260 166 2291 inriti
176 2257 258 2298 suspicati
268 2257 318 2302 suut,
340 2257 438 2296 apocrypha
448 2258 541 2299 Figurntae
552 2267 563 2291 a
574 2259 638 2291 'thoma
649 2260 759 2291 Heracleensi
775 2258 806 2289 eia-

122 2314 181 2350 uoratn
193 2321 241 2353 esse,
252 2314 270 2342 at
281 2312 333 2350 naiso,
344 2319 382 2342 cnm
393 2312 434 2344 lineo
444 2313 525 2345 recensio
533 2313 753 2345 Heracleensisnsirsnuna
760 2318 806 2354 syro·-

122 2369 211 2407 irexapiart
222 2366 290 2398 diversa
301 2367 329 2397 sm
353 2366 446 2398 Praeterea
461 2369 516 2399 exstat
531 2371 610 2400 recensio
626 2369 768 2410 apocryphorum·
777 2367 807 2400 Dn-

123 2424 163 2456 niet¹
175 2423 244 2462 syriaca
254 2423 273 2454 in
283 2422 364 2454 versione
374 2420 453 2453 Jncotz'
468 2422 501 2455 ire
505 2425 576 2457 essent
586 2421 647 2464 ‚‚juxta
658 2424 742 2465 Graecam
753 2424 807 2461 oisy·

123 2476 199 2515 riaoam‘i
209 2475 265 2520 factat,
275 2476 389 2509 trictionem
399 2484 419 2508 se
429 2477 525 2519 applicans,
537 2479 555 2510 at
565 2479 639 2514 nondum
650 2479 700 2512 edita.

165 2557 195 2594 89)
207 2557 231 2588 De
242 2554 333 2595 Epirraemi
343 2554 361 2585 s.
371 2554 409 2594 arte
419 2553 546 2585 hermenentioa
558 2552 573 2594 [ί.
586 2553 608 2586 14
618 2562 641 2586 ss.

167 2633 197 2670 tio]
208 2633 237 2663 Nil
248 2632 314 2672 simile,
330 2629 374 2671 quod
385 2630 480 2669 comparari
491 2630 550 2670 queat,
560 2628 618 2670 legere
629 2631 707 2673 memini,
723 2632 758 2663 nisi
768 2626 809 2662 forie

126 2689 180 2721 toonm
191 2688 211 2722 N.
223 2688 242 2720 Τ.
253 2686 312 2719 Mattir.
324 2685 343 2727 5,
355 2684 382 2717 17.
392 2685 410 2716 in
422 2684 587 2726 sempronianum
598 2688 616 2718 at
627 2686 752 2719 concertatoris
767 2683 788 2731 (v.
798 2680 808 2711 i·

124 2751 188 2776 meum:
211 2743 349 2783 Soittoeivinpcn
360 2741 397 2773 rurist
409 2738 490 2772 linititron
501 2749 517 2782 p.
526 2738 579 2781 284),
