1584 2882
291 92 556 151 -sa-'

47 230 83 277 que
98 217 136 258 hoc
150 220 241 271 tempore
249 219 255 272 ,’
281 228 320 271 quo
335 214 527 271 Constantinopolin
540 216 635 259 Joannes
654 218 732 260 itoma-

46 307 82 342 nus
99 293 196 335 Pontifex
214 291 345 344 advenisset,
365 292 502 349 Epiphanius
521 292 652 337 Pubtorche
673 294 732 338 Coro-

7 383 15 424 g
46 371 244 426 storoh'nopoltlenns
252 370 306 413 hono
315 370 408 413 thronum
418 369 535 427 possideret
540 368 584 430 ⁶⁰J:
596 372 646 413 nihil
655 373 732 434 minim,

6 457 10 482 '-
46 446 161 503 opusculum
175 446 242 502 istud,
260 447 314 501 quod
328 447 387 487 dnbio
402 446 472 501 procul
486 446 602 501 Epiphanio
613 448 700 500 jubente
719 461 732 490 a

8 569 10 587 ξ
45 522 144 576 Procopio
162 522 290 578 Presbytero
308 524 446 578 conscriptum
463 523 539 581 luerat,
556 522 672 579 Epiphanio
691 525 732 580 ipsi

46 600 272 655 Constantinopolitano
287 601 406 643 attributum
420 613 478 656 esse,
498 603 555 655 ouJ’ns
564 603 626 655 jussu
640 603 733 644 conscri-

5 664 8 697 s'
44 681 99 733 ptum
113 677 159 732 snit,
177 689 218 717 non
232 681 300 719 antem
314 678 373 718 alteri
388 676 541 718 Constantiensi
556 679 577 718 in
596 677 677 732 Cypro,
698 680 732 732 qni

0 735 7 807 '2
45 750 116 795 drnlum
130 756 220 794 mortuus
235 756 286 795 erat.
315 752 408 795 Debetur
422 754 491 809 itaque
505 754 573 809 potius
587 755 640 797 haec
660 755 732 811 Syno-

44 822 87 886 psis
102 827 218 884 Epiphanio
233 830 367 874 Patriarchne
382 828 609 886 Constantinopolitano
623 832 659 874 vel
677 832 732 874 Pro-

44 906 101 960 copio
116 908 161 959 ejus
180 907 320 962 Presbytero,
338 921 398 963 quam
417 907 533 962 Epiphanio
555 905 691 951 Constantiae
710 909 732 948 in

45 978 113 1036 Cypro
127 981 232 1038 Episcopo
246 986 282 1027 uel
296 984 319 1027 S.
336 974 441 1027 Dorotheo
456 985 507 1039 Tyri
521 983 626 1038 Episcopo
641 984 732 1027 ethlar-

43 1059 102 1118 tyri‘f.
131 1060 190 1103 Haec
204 1059 306 1119 (ludimus,
320 1066 342 1104 et
354 1063 461 1117 ingeniose
475 1061 556 1116 quidem
570 1074 609 1103 nec
623 1062 669 1104 sine
683 1073 732 1117 pro-

44 1134 155 1178 babilitatis
169 1138 245 1193 specie.
274 1139 303 1180 At
317 1139 447 1193 opponimus:
472 1136 500 1196 1]
519 1138 619 1194 opuscula
636 1138 686 1188 duo,
706 1136 732 1179 de

0 1199 3 1207 “
44 1210 115 1265 quibus
128 1213 206 1268 agitur,
221 1216 351 1270 quantumvis
366 1216 419 1256 siout
432 1213 487 1268 odam
501 1215 563 1264 σύκος
577 1215 661 1268 similia,
682 1219 732 1256 tan-

43 1292 85 1330 tum
99 1284 180 1349 tamen,
197 1294 220 1333 nt
234 1291 335 1347 vidimus,
349 1292 456 1346 differunt,
470 1294 492 1332 ut
505 1290 539 1349 io,
553 1290 606 1347 quod
620 1290 732 1347 Epiphanii

43 1367 125 1410 nomine
138 1369 258 1423 insignitur,
278 1374 335 1424 post
352 1369 506 1414 Dorotbeanum
527 1369 664 1424 conscriptum
682 1380 732 1410 esse

42 1444 151 1487 manifesto
171 1446 342 1500 deprehendatur.
371 1447 416 1490 Nec
435 1444 516 1497 dubito,
537 1446 590 1489 hano
609 1445 732 1499 discrepan-

42 1521 91 1563 tiam
106 1508 167 1563 etiam
182 1525 304 1577 apertiorem
318 1523 373 1575 fore,
391 1522 441 1575 nisi,
461 1522 481 1562 id
501 1522 555 1578 quod
572 1525 633 1563 extra
652 1533 731 1580 omnem

42 1596 188 1641 dubitationem
202 1599 290 1654 positum
304 1602 346 1648 est,
368 1602 439 1640 textus
457 1596 614 1654 Epiphanianus
633 1611 645 1640 e
662 1596 732 1639 Doro·

42 1675 116 1717 theano
131 1677 215 1732 saepius
228 1676 365 1731 interpolatus
379 1679 441 1731 atque
455 1674 507 1716 atheo
526 1688 573 1727 cum
589 1687 614 1717 eo
631 1675 652 1717 in
671 1688 731 1725 unum

41 1752 163 1794 commixtus
177 1756 242 1794 esset.
270 1749 408 1806 lnterpolatns
422 1750 487 1794 estin
498 1748 548 1791 Cod.
559 1751 656 1806 August,
671 1762 731 1806 quem

41 1828 130 1884 Dionys.
144 1830 245 1872 Petavius
260 1830 344 1872 corrtulit
364 1827 400 1888 [v.
415 1829 474 1884 dea.;
489 1827 541 1871 Jon.
554 1827 615 1886 rin.]3
635 1829 731 1871 confusus

41 1917 86 1948 curn
100 1905 234 1949 Dorotheano
250 1911 271 1949 et
285 1906 344 1949 simul
358 1907 491 1956 abbreviatus
504 1907 525 1947 in
539 1906 654 1961 Synoptico
664 1905 731 1946 histo-

41 1984 72 2024 ria
85 1981 163 2033 ἀδήλου
177 1985 204 2026 de
223 1985 267 2025 vita
280 1988 302 2026 et
316 1983 371 2025 obitu
385 1983 545 2037 Prophetarum,
565 1997 624 2042 quam
637 1984 687 2024 item
704 1994 733 2023 exv

41 2058 91 2102 Cod.
106 2060 218 2104 membran.
232 2061 285 2116 Aug.
301 2059 365 2103 edidit
377 2059 432 2103 Dav.
442 2056 636 2118 Hoesclrelirrs.⁶¹,]'
657 2058 730 2114 ltaque

40 2138 159 2190 conJeotnra
174 2137 248 2181 Oudini
262 2138 347 2181 fundata
364 2141 386 2180 et
405 2141 511 2180 exstructa
529 2142 562 2179 est
581 2137 601 2178 in
620 2137 731 2180 falsissima

40 2215 161 2275 hypothesi7
180 2219 202 2260 at
216 2229 256 2260 non
274 2218 339 2259 solum
357 2216 379 2258 in
396 2229 446 2272 nna,
466 2216 541 2260 sedin
559 2215 663 2274 pluribns3
683 2226 731 2257 nam

40 2361 86 2399 cula,
109 2369 152 2402 quae
163 2363 181 2394 in
192 2370 225 2393 uno
237 2361 277 2395 cod.
289 2363 377 2395 Dorotlrco
391 2362 519 2403 adscribuntur,
535 2363 553 2393 in
567 2362 623 2393 altero
639 2360 730 2401 Epiphanio

38 2415 118 2446 adscribi.

82 2481 111 2520 60)
123 2482 164 2513 Inde
175 2484 197 2515 ab
207 2492 234 2515 ao.
246 2483 279 2515 520
289 2492 342 2525 nsque
353 2484 375 2516 ad
385 2485 424 2516 535.
446 2484 540 2523 Supersunt
552 2480 687 2524 ejnsEpistolae
698 2481 730 2512 an-

39 2539 79 2577 quot
90 2538 111 2568 ad
122 2538 229 2569 Hormisdam
240 2540 305 2577 Papam
319 2541 336 2569 et
351 2539 442 2571 Decretum
457 2539 517 2569 contra
532 2538 601 2569 Petrum
615 2538 632 2568 et
648 2537 729 2568 Severum

39 2592 120 2634 (Conciti.
131 2594 175 2625 Binii
186 2593 205 2625 Τ.
216 2595 246 2627 Ν.
258 2595 322 2626 Labbei
333 2594 352 2625 Τ.
364 2593 406 2633 lV.).

83 2658 112 2697 61)
123 2659 142 2691 In
152 2659 206 2692 libro:
223 2659 297 2693 Adriani
307 2660 380 2702 isagoge
391 2661 482 2694 Sacrarum
496 2660 585 2693 literarum
599 2660 617 2691 et
632 2659 729 2700 antiquissi-

39 2722 106 2745 morum
118 2715 223 2760 Graecorum
233 2717 252 2747 in
262 2717 356 2757 Prophetas
366 2717 476 2758 Fragmenta,
487 2717 559 2758 August.
571 2715 638 2748 Vindel.
649 2715 700 2747 taba.
711 2714 729 2745 4.

40 2770 152 2803 noesonelms
162 2772 209 2804 itlius
220 2772 325 2813 Synopticac
336 2772 418 2805 tristoriao
432 2771 506 2812 onpitnla
520 2768 592 2812 subjecit
606 2770 684 2815 Στιχηρῷ
697 2770 730 2800 τῶν
