1628 2882
342 96 394 102 -,
425 70 536 115 18·...,

90 187 200 240 ¹⁴gestarum
219 183 337 226 narratione
355 183 442 238 impulsu
460 188 482 241 et
500 184 562 226 ductu
580 183 651 225 divino
665 182 724 226 'facta
745 185 778 231 dici

94 264 164 304 notum
178 264 218 303 est.
245 259 355 314 Inscriptio
369 260 404 301 iila
417 261 452 302 vel
462 261 487 302 ab
496 260 644 302 Alexandrinis
653 261 674 301 in
682 262 778 307 aramaico

94 337 219 381 hebraicove
234 337 356 392 exemplari,
370 337 424 379 unde
438 338 597 389 transtulerunt,
610 338 696 380 inventa
710 339 746 380 vel
759 341 779 382 ab

94 417 148 471 ipsis
162 427 238 456 recens
251 414 322 455 addita
335 412 371 454 vel
380 413 485 467 posterius
494 413 520 455 ad
528 413 588 456 fidem
597 413 727 455 historiarum
738 426 779 455 cor·
802 426 804 428 “

96 491 232 535 roborandam
246 489 338 545 praefixa
352 501 401 531 esse
414 492 496 548 potest3
510 490 560 532 nibil
570 503 621 533 vero
630 489 722 547 impetit,
736 489 779 545 quo-

96 569 164 609 minus
178 579 223 608 ram
237 578 273 621 pro
288 565 371 620 antiqua
385 577 409 606 ac
423 567 492 606 tamen
505 565 570 607 notha
583 565 701 609 habeamus.
728 564 779 622 Ergo

96 648 183 688 veteres
197 642 358 698 apocryphorum
371 641 451 684 illorum
464 642 565 697 triiogiam
579 640 620 685 non
630 656 642 686 a
651 642 739 686 Daniele
749 644 780 687 de·

89 722 206 778 situatam,
226 718 264 762 sed
278 719 303 762 ab
317 718 427 762 Habacueo
441 719 543 776 propbeta
558 723 590 774 (ta
608 719 785 779 προφητείας),Ἰ

97 812 156 855 quem
171 811 228 840 suam
242 797 269 838 ad
283 796 389 838 Danielem
398 798 418 839 in
428 798 493 839 lacurn
503 800 585 840 leonum
594 799 706 852 conjectum
716 793 780 856 trans

97 866 200 935 tationem,
216 873 304 926 adJectis
317 873 430 914 historialis
444 873 470 915 de
484 874 535 916 Belo
550 871 586 932 [et
599 871 718 931 Susanna),
733 856 782 929 quae

97 952 138 1007 ipsi
151 951 171 992 in
186 950 267 992 Judaea
280 950 365 1003 degenti
377 950 516 1006 innotuerant,
535 951 602 992 instar
615 950 684 993 donae
702 939 781 1006 propria
807 951 808 954 ’

97 1040 158 1070 manu
168 1017 237 1069 'literis
253 1026 411 1069 consecravisse
425 1024 582 1087 credebantffl)
613 1026 687 1084 Neque
705 1026 782 1071 dubium
807 1045 811 1061 ε

49 1141 51 1144 ,
98 1116 148 1146 esse
162 1107 240 1156 potest,
262 1104 315 1143 bunc
328 1103 460 1144 Habacucum
474 1103 571 1145 Levitam
585 1115 613 1144 ex
627 1104 732 1145 sententia
746 1116 782 1146 an·
808 1114 811 1130 ³

98 1176 199 1236 ti'quitatis
214 1178 299 1219 eundem
313 1190 373 1229 esse,
392 1191 451 1234 quem
465 1178 605 1237 Habacucum,
624 1182 682 1234 cujus
695 1181 782 1236 propbe-

99 1258 128 1298 tia
148 1256 247 1297 canonica
265 1258 347 1313 exstatp
368 1267 431 1310 qnare
448 1268 489 1297 non
507 1267 596 1298 necesse
616 1257 724 1314 habemus,
742 1269 783 1299 cum
809 1262 814 1307 13

99 1333 204 1388 plerisque
218 1332 413 1386 pontificiorum
427 1332 479 1374 duos
493 1332 615 1375 tiabacucos
624 1333 746 1388 prophetas,
760 1345 784 1374 ne
809 1314 814 1337 ³

99 1407 260 1464 apocryphorum
275 1407 392 1449 auctoritati
403 1408 510 1463 quidquam
519 1408 646 1464 detrahatur,
660 1408 784 1463 d1scernerc‚

100 1483 134 1526 vel
153 1497 198 1525 cum
216 1483 376 1539 Bortiuotdo,
394 1485 428 1539 qui
445 1485 555 1528 veritatem
575 1486 698 1538 conjecturis
714 1485 798 1535 obruit,¹

100 1560 232 1612 comminisci,
247 1562 326 1604 fabulas
341 1562 367 1603 de
382 1560 439 1613 Belo,
453 1561 551 1605 Dracone
565 1566 587 1605 et
602 1553 699 1604 Susanna
714 1562 785 1609 Haba-

100 1637 144 1680 cnci
159 1637 263 1690 cujusdam
277 1648 332 1694 esse,
346 1637 411 1692 ignoti
425 1640 515 1680 ceterum
529 1637 623 1690 hominis,
638 1649 697 1694 quem
708 1637 727 1679 in
738 1649 785 1693 pro-

100 1715 182 1769 pbctam
201 1714 371 1755 transmutaverit
392 1714 545 1770 interpolatoris
563 1715 649 1770 aiicujus
667 1714 785 1770 posterioris

100 1790 220 1847 superstitio
235 1791 270 1833 vei
284 1790 371 1833 fallacia.
377 1787 413 1849 4¹]
423 1807 429 1834 η
441 1789 495 1844 Quin
509 1792 578 1848 potins
591 1791 698 1848 inscriptio
712 1793 754 1836 ista
763 1804 785 1835 eo

100 1873 146 1909 urta
160 1880 209 1908 esse
222 1868 311 1917 videtur,
325 1868 378 1920 qrrod
392 1868 521 1909 narrationes
536 1868 561 1909 ab
575 1868 696 1919 Habacuco,
712 1871 734 1909 ut
748 1879 785 1910 ve*

100 1952 158 1986 teres
176 1943 320 1999 opinabantur,
338 1942 422 1999 primum
440 1944 531 2002 relatae,
549 1945 670 2000 prophetica
688 1947 733 2000 eJus
750 1957 786 1987 au-

100 2022 196 2064 ctoritate
210 2020 341 2062 confirmatae
355 2024 377 2062 ct
390 2021 440 2064 orati
454 2020 564 2064 traditione
583 2025 709 2077 propagatae
728 2021 787 2064 dein-

100 2157 226 2189 decurtaverim
235 2155 307 2186 riorum:
325 2162 375 2195 quum
386 2155 404 2186 er
415 2154 495 2196 origines
509 2156 527 2186 er
542 2156 626 2187 aristatas
641 2157 658 2187 a
673 2145 787 2197 nporrrna'i'r'us

99 2212 164 2251 aliique
175 2211 289 2241 ecclesiastici
299 2210 333 2240 viri
344 2213 362 2240 et
373 2210 451 2242 doctores
463 2212 547 2243 Graeciae
561 2212 601 2253 bas,
618 2212 638 2242 nt
652 2211 696 2254 dixi,
713 2213 788 2243 visiones

100 2275 133 2298 non
146 2266 205 2298 baberi
216 2265 259 2306 apud
270 2265 357 2297 Hebraeos
368 2263 470 2306 fateantrrr.“
480 2267 551 2299 Hieron.
561 2267 629 2307 Procrn.
640 2274 701 2299 conum.
717 2269 735 2299 in
746 2267 787 2299 Dau-

101 2322 123 2352 cf.
135 2321 206 2351 eundem
217 2320 238 2351 ad
250 2320 293 2352 Dan.
305 2320 331 2362 13,
342 2321 368 2351 59.

143 2385 173 2423 40)
183 2387 228 2416 Hine
238 2387 256 2415 in
267 2384 360 2416 ‚tractamur
371 2387 444 2426 synopsi
462 2387 511 2426 (opp.
526 2386 547 2417 Ii.
564 2396 580 2427 p.
597 2384 642 2425 134.)
660 2387 678 2418 et
694 2383 788 2427 Nicepitori

100 2441 220 2473 Stichonretria
230 2442 270 2480 post
281 2439 334 2471 libros
345 2440 365 2471 V.
377 2440 396 2471 Ψ.
409 2438 542 2481 ἀναλεγομένης
552 2443 598 2473 inter
612 2441 711 2480 apocrypha
726 2447 787 2471 memoa

101 2497 160 2527 rantur
171 2493 243 2540 Raparia,
257 2491 396 2536 Ἀιιβακοὺμ,
411 2494 483 2541 Ἐζεχιὴλ
493 2497 521 2529 καὶ
532 2495 595 2541 Δανιὴλ
606 2495 738 2540 ψευδεπίγραφοι.
754 2497 787 2527 Ha=

101 2551 159 2583 bacuci
170 2552 239 2582 nomine
249 2551 291 2583 uibii
303 2550 348 2581 aliud
359 2550 437 2583 denotari
448 2553 534 2594 existimo,
550 2561 599 2594 qnam
609 2551 676 2584 fabulas
689 2551 709 2582 de
720 2552 760 2583 Bcie
772 2550 788 2581 ei

100 2605 179 2638 Dracone
191 2605 290 2650 Πρυφητεία
300 2607 331 2637 τοῦ
344 2603 436 2646 'statuaria
450 2609 552 2648 inscriptas,
565 2607 641 2639 Fabricii
655 2604 696 2637 God.
714 2606 788 2637 Pseudo

101 2662 144 2700 pigr.
156 2663 178 2692 b'.
190 2662 209 2691 n.
221 2662 233 2691 i.
245 2671 261 2700 p.
271 2660 322 2692 itta.
344 2658 423 2700 [Boetius
434 2670 450 2700 p.
462 2661 500 2699 510.
523 2662 606 2702 carpzov.
617 2660 681 2692 Introd.
693 2670 708 2701 p,
721 2658 788 2700 tomba

116 2753 117 2756 ,
144 2726 172 2765 it)
183 2728 244 2760 Daniel
256 2737 270 2767 p
284 2728 322 2760 155.
336 2727 371 2758 iao.
383 2727 404 2758 ci.
416 2727 486 2769 Siiokeb
499 2728 565 2761 Prolus.
577 2738 593 2769 p.
605 2726 631 2758 14.
644 2726 670 2757 15.
