1628 2882
327 65 521 111 ...iffi-

81 177 160 223 curisti
173 191 222 223 esse
236 179 340 238 ophnatur,
353 178 388 225 vel
402 191 483 236 eorum,
496 178 543 235 qni,
562 178 621 221 velut
635 177 727 222 Carolus
741 184 767 226 do
808 234 811 240 ᾖ

80 247 181 310 h'resrte,
202 255 327 300 Dorotheum
347 254 432 311 Tyrium
454 254 476 311 in
495 267 566 298 rernm
587 258 661 299 natura
683 268 768 312 unquam

81 332 148 376 luisse
161 338 245 389 negant.
260 348 261 351 ¹
546 377 548 379 ‚

136 409 167 452 At
180 410 233 454 bene
245 408 383 464 discernenda
395 411 430 451 est
443 408 537 464 quaestio
555 409 582 452 de
600 408 714 451 existentia
731 411 769 453 ali·

82 488 142 539 cujas
155 486 257 528 Dorothei
270 487 329 540 Tyrii
342 485 434 540 episcopi
448 488 470 527 et
485 482 654 539 odyssopolituni
675 485 769 540 martyris
810 526 812 538 ,

83 573 97 605 a
110 561 232 619 quaestione
245 560 272 605 de
285 560 391 606 authentia
404 565 427 605 et
440 555 564 618 antiquitate
577 560 706 616 relationum,
721 574 770 617 quas

84 643 163 682 auctor
176 637 280 695 Synopsis
300 639 394 693 exejus
412 638 563 682 commentariis
585 638 716 681 transtulisse
736 641 771 698 ait,

84 717 119 771 qni
138 715 219 771 quidem
239 715 339 769 suppositi
356 728 406 756 esse
424 719 522 770 poterant
544 727 570 757 eo
590 714 770 770 pseudepigraphi,

21 828 23 831 .
84 789 209 849 praesertim
222 801 266 833 eum
280 801 316 833 eos
329 776 415 832 latine
428 790 518 847 scriptos
530 790 641 833 invenerit.
665 789 771 847 thuam-
813 791 814 796 ’

85 882 146 927 quam
159 880 200 910 non
213 867 309 910 absonum
323 870 369 923 est,
387 865 515 910 Dorotheum
528 867 614 910 latinam
627 867 716 922 lingnam
730 868 772 911 oal-

84 945 162 998 luisse,
175 942 264 999 idvqood
277 943 303 985 de
317 941 419 997 Gregorio
433 955 513 1000 quoqne
526 944 679 998 Thaumaturgo
689 943 772 998 praedi-

86 1016 195 1078 eatur⁴²],
209 1025 276 1062 tamen
291 1031 336 1062 eum
347 1020 411 1063 latine
425 1019 715 1076 scripsisse-persuadere
725 1019 773 1063 mihi

86 1111 128 1140 non
140 1109 230 1153 possum.
258 1094 326 1149 Quare
345 1096 431 1151 oonjioio
449 1096 530 1155 polius,
549 1097 594 1151 eJ'us
611 1096 773 1155 commentarios,

87 1174 141 1218 sieut
154 1172 248 1227 nuptm
261 1171 352 1215 Hermae
366 1177 389 1215 et
398 1170 526 1228 Ἀνατροπὴν
538 1174 627 1225 Irenaei,
638 1175 682 1229 jam
691 1176 773 1229 antiquo

16 1281 18 1285 Α
87 1256 179 1305 ternpore
192 1249 275 1290 latinam
288 1249 309 1290 in
322 1250 413 1303 linguam
427 1263 541 1293 conversos
556 1249 628 1293 fnisse.
656 1249 774 1293 Hauover-

21 1346 23 1349 ·
88 1329 166 1370 sionem
179 1325 259 1368 inuenit
272 1324 397 1381 Procopius,
415 1339 501 1383 eamque
514 1339 552 1382 pro
566 1327 679 1383 archetypo
696 1326 774 1369 hahuit.

88 1403 215 1447 Dorotheum
231 1413 281 1444 vero
299 1401 379 1445 Romae
397 1403 473 1455 luisse,
498 1406 564 1446 utrum
581 1403 630 1446 inde
651 1402 775 1446 solummodo

88 1481 206 1536 suspicatus
219 1478 282 1522 fuerit
294 1492 321 1522 an
335 1478 418 1521 aliunde
430 1481 522 1537 noverit,
535 1480 602 1522 sallus
615 1485 649 1523 est
662 1481 684 1522 in
697 1480 776 1522 inoerto

88 1549 252 1613 relinquereli]
516 1542 518 1545 ⁵

90 1637 92 1640 ’
142 1631 176 1675 Ad
190 1630 380 1679 authentiamvero
394 1632 516 1677 relationum
529 1631 624 1690 Synopsi
641 1632 776 1690 eomprehen-

90 1722 158 1753 sarum
172 1708 226 1765 quod
239 1710 323 1765 attinet,
337 1714 417 1766 partem
431 1710 459 1753 de
471 1709 584 1766 Prophetis
598 1723 611 1754 a
623 1709 730 1753 Donat-heo
744 1723 776 1765 ep.

91 1786 143 1841 Tyri
155 1785 268 1841 profectam
282 1797 330 1828 esse
344 1798 419 1840 posse,
438 1785 513 1828 collata
531 1786 600 1841 prisea
618 1787 722 1829 ecelesiae
740 1799 778 1842 sy-

90 1873 226 1916 nagogasque
247 1860 373 1918 traditione,
401 1874 465 1917 supra
487 1862 618 1904 breviuscule
645 1863 778 1905 ostendimus.

90 1937 169 1980 Partes
186 1935 213 1979 de
230 1936 272 1979 XII
289 1937 389 1993 apostolis
408 1940 430 1980 et
451 1937 512 1979 LXX
532 1936 638 1995 discipulis
657 1932 778 1997 hominia]

134 2091 237 2135 reprensa.
248 2093 270 2124 H.
281 2093 301 2126 Ε.
312 2093 344 2136 Vl,
354 2094 382 2128 ³0·
403 2095 474 2128 Hieron.
486 2093 539 2136 (latai.
551 2103 566 2127 o.
578 2095 647 2136 LXVL,
659 2097 687 2128 ubi
697 2092 780 2136 Ῥωμαίων

90 2146 188 2191 μαθήματα
202 2147 308 2188 (disciplinas
322 2147 399 2189 Latinas)
415 2144 499 2189 dejure
514 2151 620 2189 potissimum
635 2150 702 2182 civili
716 2150 781 2184 intelli-

91 2203 148 2245 geuda
158 2209 192 2235 non
202 2208 255 2242 nego.
573 2206 575 2208 ’
763 2247 765 2250 .

135 2270 167 2307 43)
177 2268 236 2298 Potest
246 2275 281 2299 non
292 2268 347 2299 minus
357 2277 417 2302 verum
427 2277 475 2311 esse,
486 2278 536 2312 quam
547 2271 613 2303 eertum
624 2272 658 2312 est,
669 2256 782 2313 Porphyrium

93 2324 166 2366 Tyrium
177 2330 204 2356 aa.
214 2321 253 2355 264.
266 2329 276 2354 e
288 2321 360 2355 Graecia
372 2322 444 2358 Romam
455 2326 528 2369 uenisse,
539 2326 607 2358 Plotina
616 2325 735 2358 adhaesurum.
748 2321 787 2358 Po·

93 2380 126 2411 test
137 2379 189 2411 etiam
199 2378 265 2410 Romae
276 2385 307 2409 sua
317 2374 428 2421 ὑπομνήματα
439 2382 537 2422 scripsisse,
554 2381 605 2420 plane
615 2382 661 2414 eruut
677 2381 782 2422 Hopestppus

93 2433 123 2476 (ex
133 2430 181 2475 eujus
192 2428 309 2474 ὑπομνήμασι,
325 2434 344 2464 nl
354 2440 376 2465 ex
386 2435 431 2467 notis
443 2434 540 2467 combefisii
551 2436 572 2468 ad
588 2436 699 2475 Hippolytum
714 2436 735 2465 de
749 2432 783 2464 XX

93 2491 146 2529 apost.
158 2489 234 2529 apparot,
246 2485 414 2529 conplorationem),
425 2488 459 2529 qui,
470 2490 549 2529 suscepto
561 2489 711 2532 humamanam,
722 2491 740 2521 in
752 2495 782 2521 va·

94 2546 133 2586 riis,
147 2550 190 2585 quas
200 2542 300 2583 peragravit
310 2542 410 2583 provinciis,
426 2551 464 2574 enm
475 2546 518 2576 viris
529 2545 629 2585 apostolicis
640 2545 739 2584 oolloquens
754 2548 783 2574 eo-

95 2599 185 2632 elesiarum
196 2598 273 2639 origines
288 2596 398 2638 investigavit
412 2598 510 2640 nonaeque
524 2599 561 2631 tere
577 2606 607 2639 per
623 2600 723 2632 decennium
737 2604 784 2630 eom·

90 2656 171 2687 „moratus
182 2654 214 2684 eat.

138 2720 168 2758 dl)
180 2718 251 2753 nexium
263 2726 321 2753 earum
332 2719 446 2752 authentorum
457 2719 505 2761 droo;
515 2723 577 2754 mirum
589 2721 674 2763 ostentm,
685 2721 726 2761 quot
731 2724 784 2761 quan-
