1628 2882
344 78 539 123 *28*-

441 232 486 276 14

98 293 249 416 Debueras
234 206 538 379 aasaopoordrsaaoa
549 294 782 383 Theodottonem

122 431 219 474 Addit
210 437 301 475 tamenta
313 434 359 476 libri
373 433 469 476 Danielis
482 431 610 487 apocrypha,
624 428 783 484 quemadmodum

99 509 122 552 in
136 508 290 562 Alexandrina,
309 509 340 552 sie
353 510 415 553 etiam
427 511 449 553 in
463 508 613 552 Theodotionis
626 506 725 548 versione
739 519 784 552 000-
812 540 814 542 μ

100 585 203 643 tinentur,
221 600 246 630 eo
260 586 344 643 ordine,
364 590 386 628 nt
399 586 459 629 modo
472 590 516 629 tres
529 584 693 627 illaehistoriae
707 582 734 626 de
748 583 784 628 Su-

101 675 179 719 sanna,
199 663 252 707 Belo
266 667 288 706 et
301 663 400 706 Dracone
414 663 521 707 duodecim
538 651 708 706 Danieliticarum
725 661 785 705 visio-

102 753 150 782 num
164 740 266 794 capitibus
279 734 411 793 subjiciantur
426 736 491 798 [Cori.
503 727 609 781 Glisma.
618 734 711 795 comp),
725 737 786 797 modo,

103 807 203 871 subjectis
217 816 354 860 tantummodo
368 803 447 860 duabus
460 804 619 874 posterioribus,
638 814 736 859 Susanna
755 819 786 859 ce·

104 895 156 937 teris
169 894 261 937 omnibns
275 896 416 949 praemittatur
429 891 496 953 [Cod.
511 894 559 936 Vat.
573 892 613 936 Ed.
627 888 707 950 Rom).
735 891 787 935 Con-

104 973 148 1014 stat
161 960 225 1021 0000,
233 971 343 1013 ecclesiam
354 972 397 1024 Jam
411 971 532 1026 Hieronymi
546 969 672 1025 temporibus
685 967 788 1010 Danielem

104 1046 185 1102 publice
198 1047 269 1101 legere
278 1048 417 1090 consuevisse
431 1058 472 1089 000
485 1045 596 1088 secundum
610 1044 686 1098 Lxx,
697 1043 736 1087 sed
750 1057 788 1086 sec.

105 1122 275 1179 (theodotionem,
289 1112 343 1180 qnod
357 1136 393 1167 our
406 1123 513 1182 acciderit,
526 1123 664 1178 Hieronymus
678 1134 702 1166 se
711 1122 789 1165 nescire

105 1200 192 1258 fatetur,
202 1204 228 1243 ’00
241 1196 368 1258 suspicatur,
389 1200 539 1243 'theodotionis
552 1201 670 1244 versionem
683 1202 790 1254 propterea

106 1276 208 1320 ecclesiae
225 1276 383 1334 praeferendam
400 1277 467 1321 visam
485 1288 544 1329 0000,
562 1276 616 1332 quod
634 1269 687 1318 enm‘
697 1275 790 1318 hebraica

106 1352 196 1412 veritate
209 1354 275 1408 magis
293 1354 420 1397 conveniret.
425 1351 459 1413 ⁶4]
492 1354 521 1396 At
512 1354 601 1410 tplane
618 1352 739 1397 incredibile
756 1356 792 1410 est,

107 1430 217 1473 ecclesiam
230 1432 348 1474 versionem
366 1431 484 1487 septuagint
485 1416 595 1481 avioalem,
616 1443 668 1487 quae
685 1431 715 1473 00
724 1430 752 1471 Ν
768 1430 791 1470 Τ

107 1502 186 1549 enebris
200 1499 252 1549 locis
265 1508 373 1549 adhibetur
386 1512 408 1549 00
425 1498 465 1563 qua
476 1508 582 1548 hactenns
600 1519 640 1549 usa
657 1510 712 1559 erat,
728 1510 752 1548 ut
768 1517 792 1547 00

108 1582 184 1639 Ignatii
198 1582 225 1642 [l.
240 1582 305 1643 0]0
282 1583 395 1627 anausoni
408 1583 464 1627 Mart
455 1581 570 1644 tyris⁶⁵Jt
572 1583 694 1627 estimoniis
700 1583 792 1640 indepe-

108 1661 161 1703 titis
167 1664 289 1717 00000000
276 1661 435 1731 nthebraico
449 1661 515 1704 textui
528 1662 594 1704 minus
608 1673 718 1717 congruam
736 1666 793 1716 repu

108 1738 180 1781 diasse
194 1738 254 1793 eique
267 1725 385 1782 versionem
399 1737 484 1790 Ι0000000,
502 1739 536 1794 qni
549 1751 574 1795 „n
576 1727 632 1794 tique
646 1741 706 1794 post
689 1730 794 1781 0001000-

108 1819 151 1857 tum
170 1803 249 1858 chriso
265 1814 383 1856 inamatus
401 1813 464 1866 000,
485 1815 519 1870 qur
535 1815 595 1856 maro
613 1804 794 1867 autonomon

109 1885 232 1933 Marcionita
249 1892 363 1934 nominatur
380 1895 402 1934 et
417 1892 460 1946 Jam
477 1891 506 1935 ab*
522 1891 607 1935 Irenaeo
620 1892 681 1936 inter
698 1891 795 1936 audacter

75 2020 77 2024 Ι
107 1957 341 2026 aadappaaadouracii)
362 1967 460 2024 retertur,
482 1973 539 2012 certo
561 1968 646 2012 consilio
666 1970 795 2026 praetulisse

110 2044 241 2111 Quapropter
255 2056 293 2099 ego
308 2042 388 2112 [donee
401 2058 437 2101 pro
439 2047 507 2088 lerant
507 2058 531 2087 ur
549 2057 571 2088 00
572 2047 669 2101 romenta
686 2040 795 2103 contrarii]

109 2121 229 2165 versionem
240 2109 338 2164 Danielis
351 2121 451 2165 Theodot'
437 2112 548 2166 tronianam
557 2124 582 2167 ab
593 2124 689 2167 eeclesia
686 2137 732 2166 000
741 2123 797 2180 prius

109 2200 228 2257 adoptatam
242 2210 291 2241 esse
305 2211 391 2257 censeo,
404 2211 464 2257 quarn
477 2200 504 2264 ab
518 2199 626 2257 00000000
617 2205 715 2274 tanquam
734 2200 797 2245 00000-

153 2332 182 2371 el]
193 2333 243 2382 „Hpo
253 2340 305 2364 unum
316 2332 401 2365 affirmare
411 2341 486 2375 possum,
497 2335 541 2375 00000
552 2337 594 2368 mult
595 2344 622 2368 uni
634 2345 644 2368 a
655 2337 728 2382 veritate
735 2336 798 2368 disere

110 2395 139 2431 000
150 2379 219 2431 (Daniel
227 2387 279 2429 juxta
289 2387 337 2418 Lxx
348 2388 375 2419 lat
369 2387 488 2428 terpreteslet
498 2392 546 2422 recto
557 2386 624 2429 jndicio
641 2391 687 2422 liber
702 2390 798 2430 0000000000

110 2447 138 2478 sit.
127 2443 150 2477 0ίζ
162 2445 233 2477 Hieron.
244 2443 317 2476 Praei.
312 2441 488 2475 noannoeane
500 2445 543 2476 Dan.
554 2444 574 2486 4,
584 2446 601 2476 5.
611 2446 633 2478 V.
645 2444 799 2487 OarpzoviCritiea

110 2502 164 2535 Sacra
175 2510 191 2541 p.
203 2500 236 2532 000
247 2507 261 2530 s.
273 2498 292 2530 et
302 2499 350 2530 Mont
344 2497 420 2529 tfaueon.
431 2499 561 2546 Praeliminaria
571 2498 593 2545 ad
603 2500 686 2542 Hexapla.

149 2570 183 2609 aa)
194 2565 303 2606 iiiivernick,
320 2563 380 2595 Daniel
390 2571 406 2602 1¹·
417 2563 465 2596 XLV
475 2573 499 2597 ss.
511 2564 534 2597 el.
544 2564 645 2608 Einleitnng
655 2566 672 2609 I,
682 2566 700 2599 2,
717 2575 733 2606 p.
743 2565 767 2610 47
778 2571 799 2597 ss.

111 2623 178 2665 (0000000
189 2621 292 2653 sententiam
304 2626 359 2650 meam
370 2617 391 2648 de
402 2616 524 2652 ’0000000000
534 2620 551 2651 in
567 2620 641 2653 eeclesia
658 2629 688 2653 usu
703 2613 800 2654 confirmari

111 2681 184 2721 impense
195 2679 269 2709 laetatus
279 2671 332 2715 sirm).
500 2677 502 2679 ’

154 2746 183 2783 66)
194 2743 238 2777 ndu.
249 2742 336 2776 Haereses
346 2739 376 2781 lll,
386 2739 413 2772 20.
