1584 2882
255 121 309 133 -.-
337 94 379 138 rr
397 113 452 161 ‘··-,

19 208 102 269 essem]
129 207 312 261 Hieronymus
326 219 418 264 quoque,
431 206 541 248 hebraicae
555 201 650 248 veritatis
660 207 697 259 ju-

19 294 149 341 daiearumque
169 284 275 326 literarum
293 284 467 340 studiosissimus,
495 282 633 325 tantummodo
655 294 697 325 ea-

18 366 125 417 nonieam
139 362 281 405 anctoritatem
295 361 321 403 iis
335 348 473 418 abjudicavit,
491 371 611 416 quamquam
625 359 698 416 negari

18 444 89 503 nequit,
109 453 155 484 eum
172 440 234 482 etiam
254 439 280 482 de
301 438 574 483 historioaanetoritate
596 439 698 481 incertum
721 426 723 429 ⁵

18 528 171 577 srrspensumque
190 528 238 558 esse
257 522 278 556 66
296 516 379 557 sibimet
398 516 439 571 ipsi
458 528 529 570 parum
551 513 698 571 constareli)

19 603 41 643 At
53 593 173 649 imprudenti
187 593 233 635 nelo
252 596 325 634 contra
342 605 388 634 eum
406 593 485 634 exarsit
502 591 634 647 Rufinam,
660 604 699 633 an-

13 670 104 719 etoritate
124 666 221 722 origenis
241 658 363 724 praetenta,
384 660 444 723 quem
462 669 569 723 etipsum
587 668 626 709 has
644 668 699 709 sori-
744 688 746 692 ν

19 737 123 807 ptirrneulas
137 745 195 808 libris
210 745 313 786 canonicis
332 746 450 799 neutiquam
469 751 603 800 exaequasse
621 746 699 786 Hiero-

19 833 81 882 nymus
92 823 143 878 jure
153 820 275 876 objiciebat.-

230 979 231 983 =
255 993 257 998 .
317 963 388 1021 §aa

40 1053 197 1099 Haimoniai
210 1055 328 1108 sinaeum
342 1056 371 1098 et
382 1054 556 1098 vaticinium
568 1051 671 1109 ἄγραφον.
699 1060 700 1063 ’

64 1162 217 1205 Dorotheus
231 1162 327 1218 relationi
340 1163 367 1205 de
381 1163 492 1205 Habaonen
501 1163 629 1218 Babylonem
637 1164 701 1206 mira-

20 1240 79 1282 hilitel·
92 1241 193 1282 translato
211 1241 273 1282 etiam
291 1240 349 1295 plura
368 1240 481 1295 paradoxa
492 1240 559 1297 addit,
578 1253 661 1295 quorum
679 1241 700 1282 in
719 1277 721 1279 ,

20 1315 39 1357 S.
51 1315 73 1357 S.
87 1329 113 1358 ne
127 1310 238 1371 vestigium
252 1317 332 1372 quidem
342 1313 440 1371 apparet:
455 1317 648 1368 eom'intellexisse,
661 1329 701 1372 po-

0 1423 2 1425 *
20 1392 77 1447 pulum
90 1393 110 1435 in
125 1392 240 1449 Babylonia
254 1378 336 1435 enatem
350 1393 410 1436 brevi
420 1393 531 1436 rediturum
541 1406 627 1450 eumque
637 1406 701 1449 prae-

20 1469 99 1524 dixisse
117 1472 193 1527 templo
207 1471 397 1526 Hierosolymitano
415 1457 476 1514 tinem
496 1464 621 1527 exitiumque
634 1470 701 1513 immi-

20 1557 62 1587 nere
75 1559 88 1588 a
101 1548 163 1599 gente
178 1547 263 1589 oooidna
277 1544 310 1604 [h.
326 1559 343 1588 e.
359 1545 483 1604 Romanis),
502 1548 583 1600 adjecto
602 1547 702 1600 singulari

21 1621 109 1680 vaticinio
123 1622 150 1665 de
164 1623 235 1666 aulaeo
250 1622 369 1666 Sanetuarii
383 1620 451 1673 (iili)
467 1630 489 1665 66
503 1619 612 1678 capitellis
624 1623 702 1665 oolam-

20 1740 111 1777 Piessnerus
122 1746 141 1776 in
152 1746 232 1787 Prolegg.
244 1746 264 1778 ad
279 1740 380 1778 Susannam.
406 1745 454 1786 Ergo
468 1753 478 1776 a
495 1744 566 1776 Judaeis
581 1752 616 1776 non
630 1744 703 1776 oonsilio

20 1803 102 1836 nronressn
114 1802 148 1840 est,
165 1803 190 1831 nti
202 1801 286 1840 Origenes
298 1802 327 1839 (oi.
339 1802 427 1839 Hippolyt.
438 1801 452 1831 Ι.
464 1809 481 1839 11.
491 1798 537 1839 274.)
554 1800 598 1830 falso
614 1800 703 1831 commini-

20 1850 67 1885 scitur
77 1855 95 1885 et
105 1856 150 1886 inter
161 1854 205 1885 alios
216 1855 271 1886 eredit
283 1853 381 1886 Oeiiiier
392 1855 475 1896 (Histoire
486 1853 500 1885 Ι.
512 1863 529 1895 p.
539 1854 572 1886 ³02
582 1855 609 1889 6.).

56 1917 86 1956 ld]
96 1920 189 1952 Nobiscum
205 1920 247 1953 66666
267 1921 407 1954 ilsetstenins
427 1919 519 1961 (opuscula
536 1919 628 1960 origenis,
649 1917 704 1950 Nolae

20 1970 90 2014 r·155):
112 1975 196 2013 Quantum
207 1975 228 2006 ad
240 1974 333 2016 Origenem
339 1999 345 2016 ,
355 1976 403 2007 iilum
414 1975 497 2006 historiae
508 1976 597 2006 susannae
608 1974 704 2006 anctorita-

21 2024 48 2056 tem
58 2031 151 2060 asseruisse
162 2030 272 2069 conceditur,
284 2031 314 2061 sed
325 2033 407 2069 eatenus,
422 2032 441 2061 ut
457 2037 467 2060 e
482 2030 583 2061 fabellarum
596 2029 704 2060 Philistionis

21 2079 73 2113 ordine
84 2084 127 2116 hano
139 2086 214 2124 eriperet
225 2088 242 2115 ei
253 2093 310 2116 veram
322 2086 447 2125 genuinamque
458 2085 547 2116 historiam
563 2090 601 2115 esse
617 2082 705 2122 probaret,

21 2136 109 2175 neutiquam
119 2146 170 2179 vero,
181 2141 200 2168 nt
211 2147 243 2178 pro
254 2141 340 2178 scriptura
351 2134 444 2181 e'edeoddnqr
456 2135 467 2180 ij
478 2136 569 2179 dedendine
581 2134 656 2169 liaberet.

57 2201 85 2239 14)
97 2202 186 2245 Impugnat
197 2204 239 2235 haee
250 2203 302 2235 addin
314 2205 419 2245 argumentis
430 2211 441 2234 a
454 2203 526 2235 duotore
534 2199 605 2243 judaico
612 2203 705 2243 suggestis,

21 2258 75 2296 66666,
85 2267 167 2301 nusquam
178 2261 195 2291 in
207 2261 298 2298 seripturis
309 2260 393 2290 hominem
405 2248 506 2291 translatum
516 2266 548 2299 per
559 2265 617 2290 aerem
627 2258 675 2298 legi,
686 2259 706 2289 ut

20 2304 103 2353 66666666,
114 2317 132 2346 66
143 2318 199 2347 tamen
210 2311 292 2346 adversus
304 2313 408 2356 Reatinum
419 2311 465 2356 (ili.
478 2316 490 2345 6.
499 2314 529 2346 lv.
540 2311 604 2353 66431)
615 2318 634 2343 se
645 2311 706 2343 defen·
729 2302 731 2307 ’

21 2360 65 2407 lilio,
82 2377 100 2400 se
111 2370 216 2401 minaeorum
227 2370 343 2401 tantummodo
359 2371 462 2401 sententiam
477 2369 558 2401 retulisse
574 2362 637 2399 asserit
654 2369 671 2398 et
687 2367 706 2397 in

20 2413 88 2461 Prologo
99 2424 120 2454 ad
131 2425 175 2454 huno
186 2417 288 2462 Proplretam
299 2412 332 2454 ait':
347 2423 387 2464 „Ut
399 2424 449 2463 scias,
461 2429 482 2454 eo
493 2427 570 2461 tempore
584 2421 706 2452 6666616666-

21 2473 52 2513 666,
63 2472 94 2515 quo
103 2475 139 2518 jam
150 2479 193 2510 dnae
205 2479 258 2510 trihus
309 2476 370 2517 doctae
382 2466 431 2508 erant
441 2479 459 2507 in
471 2478 592 2516 captivitatem,
602 2475 665 2508 Daniel
674 2475 706 2504 do-

20 2529 55 2558 oere
66 2535 82 2562 te
92 2536 160 2572 poterit,
172 2534 193 2564 ad
204 2541 252 2573 quern
263 2534 282 2563 in
292 2534 349 2564 laeum
359 2533 428 2564 leonum
439 2532 519 2563 Hannone
531 2539 569 2563 cnm
580 2532 652 2570 prandio
665 2531 705 2561 mit-

21 2579 37 2609 m
32 2581 56 2612 im
57 2594 170 2628 ‚quamquam
182 2588 225 2627 apud
236 2588 325 2619 Hebraeos
336 2588 393 2618 liaeo
388 2595 426 2627 ipsa
437 2593 471 2618 non
482 2587 529 2627 legat
530 2594 550 2616 ur
560 2586 637 2616 historia
639 2582 650 2601 “
666 2585 706 2614 Sirr-

21 2637 72 2668 cerins
83 2641 202 2679 Hesychius
213 2643 307 2679 Presbyter
318 2642 405 2678 Hierosol.
416 2643 435 2672 in
446 2639 522 2683 Στιχηρῴ
533 2637 564 2670 τῶν
576 2637 596 2679 qi
607 2639 706 2682 προφητῶν
741 2673 744 2677 ,

19 2678 93 2729 Ἀμβεικοὺ
84 2708 106 2735 opt
117 2693 132 2726 εἰ
142 2696 171 2735 μὲν
182 2692 232 2727 artie
243 2694 292 2734 ἐστιν,
304 2707 323 2726 ον
334 2692 350 2731 ἔς
361 2708 392 2739 την
403 2690 532 2737 Basivione'me‘
521 2691 618 2738 αρπάσας
608 2690 708 2731 ἀπεκόμισεν
726 2691 728 2694 ’

20 2736 113 2790 ιι666666,
98 2752 150 2783 erarii
161 2749 180 2783 τὸ
192 2749 242 2789 σαφὲς
252 2746 281 2783 οὐκ
293 2749 329 2790 ἔχω.
