1628 2882
335 71 529 118 ...80-

85 183 121 227 Ad
135 183 176 227 trin
188 184 305 239 posteriora
318 181 372 239 quod
385 182 470 241 attinet,
488 193 571 239 quorum
584 182 722 239 tantummodo
732 185 771 232 'duc
804 190 805 195 ’

85 258 169 316 integra
182 260 239 304 edita
252 262 300 304 suut
312 257 364 320 [Nn.
378 257 400 303 3.
416 256 460 318 5,),
475 259 532 314 'origo
546 258 772 318 singulorumblpipha.

86 337 149 382 niaua
162 337 222 381 unius
236 337 300 380 solius
318 333 402 380 Codicis
418 337 535 379 testimonio
554 336 635 387 nititur,
654 337 707 392 quod
724 351 772 385 sane

54 406 56 410 ’
87 427 160 471 parom
172 400 233 458 valet
246 418 318 457 contra
330 414 472 470 antiquitatem
486 412 513 456 de
523 413 559 456 ,his
576 412 727 468 scriptiunculis
745 420 773 458 si-

87 491 173 534 lentem.
201 489 270 543 Quare
283 489 367 546 primurn
380 488 407 531 de
421 487 454 531 bis
467 487 532 532 tribus
545 502 558 532 a
573 474 678 532 Gotelerio
692 492 714 532 et
733 489 774 535 Ou—
811 544 813 548 Ι

88 567 137 612 dino
151 563 183 625 (1.
197 579 215 610 c.
231 563 296 626 538)
310 570 405 624 tanquam
419 566 486 622 opella
500 566 617 622 Epiphanio
632 565 716 623 indigua
727 571 774 623 repi-

89 645 155 705 citur3
173 657 209 687 cnr
222 656 246 686 eo
260 643 343 700 indigna
356 643 456 695 sitnon
466 643 539 694 video,
559 656 598 686 nec
617 647 686 686 tamen
704 644 774 697 habeo,

90 732 131 776 quo
146 721 193 774 jme
210 731 255 762 eum
273 719 335 760 istius
351 717 434 759 indiculi
451 722 556 761 auctorem
574 722 624 761 csso
640 715 774 774 pronuntiem.

91 795 185 839 Alterum
199 795 274 851 poterit
287 806 336 837 esse
350 793 481 839 traditionum
495 793 682 845 ecclesiasticarum
692 793 719 837 de
727 808 776 851 apo-

91 873 152 917 stolis
166 871 261 914 collectio
274 870 300 914 ab
314 869 432 926 Epiphanio
449 871 506 914 facta
523 875 545 913 et
563 875 648 927 proptor
665 883 732 913 rerum
748 873 776 915 si-

92 948 225 993 militudinem
238 946 392 990 collectionibus
406 933 514 1004 Hippolyti
528 950 550 990 et
562 946 664 990 Dorothei
677 948 739 989 etiarn
748 948 776 988 di-

92 1026 161 1069 ctione
174 1023 284 1082 simillima3
301 1022 397 1065 etunius
411 1021 494 1066 Codicis
508 1024 626 1078 suffragium
640 1035 681 1066 non
699 1023 778 1081 suflicit⁷
812 1025 814 1033 ²

93 1100 188 1146 standum
201 1103 235 1143 est
248 1099 309 1155 igitur·
323 1097 433 1154 Gangiiet
447 1096 527 1143 Cavaei
537 1100 621 1155 judicio,
636 1101 671 1157 qui
684 1100 723 1144 boc
731 1112 778 1156 quo-

94 1191 133 1236 que
147 1177 264 1234 opusculum
278 1178 406 1232 suppositum
420 1180 441 1219 et
452 1182 479 1219 e'x
488 1178 575 1233 synopsi
585 1177 719 1221 Dorotheann
727 1191 778 1221 cono-
813 1165 814 1168 Ἰ

94 1256 177 1312 pilatum
191 1265 239 1299 esse
253 1253 355 1296 dictitant.
377 1242 507 1296 Postremum
521 1254 621 1309 denique,
634 1255 681 1295 libri
689 1255 779 1295 Athana-

94 1330 147 1374 siani
160 1330 210 1372 item
224 1329 317 1385 suspecti
330 1341 355 1371 ac
368 1328 431 1384 plane
444 1326 546 1387 ouilis³⁰)
560 1343 598 1385 par
615 1342 641 1372 ac
659 1329 737 1386 simile,
755 1342 780 1371 ne

94 1419 167 1451 nomen
181 1404 262 1462 quidem
274 1402 387 1461 Epiphanii
405 1405 454 1457 fert,
473 1405 543 1455 seda
562 1406 640 1462 eangtc
659 1405 780 1450 adscribitur

95 1482 221 1540 Epiphanio,
235 1486 257 1525 ut
270 1483 289 1525 ci
304 1495 375 1525 rursus
389 1481 520 1537 abjudicetur.
548 1483 621 1525 Missis
630 1484 692 1538 igitur
703 1483 742 1536 bis,
756 1481 780 1524 ad

95 1559 135 1603 dno
149 1558 217 1615 priora
230 1570 268 1601 nos
282 1558 427 1603 convertimus.

148 1635 208 1680 Haec
221 1635 261 1678 duo
275 1636 410 1692 compluribus
423 1637 445 1679 in
459 1635 532 1688 Colo,
546 1649 630 1693 quorum
643 1639 741 1690 unus,ut
749 1635 781 1678 vi-

97 1712 172 1769 dimus,
185 1724 213 1754 eu
227 1713 347 1768 perantiquo
366 1712 479 1770 exemplari
496 1713 561 1756 seculi
579 1714 650 1756 octavi
667 1712 728 1757 medii
746 1712 782 1754 de-

96 1794 175 1833 sumtus
184 1792 224 1844 est,
236 1789 375 1845 inveniuntur,
387 1788 499 1844 Epiphauii
508 1788 589 1831 nornine
598 1788 704 1845 inscripta.
718 1788 783 1841 Nemo

96 1868 165 1909 autern
177 1878 218 1906 non
231 1864 299 1918 videt,
313 1877 383 1907 eornm
396 1865 540 1922 opusculorum
553 1864 588 1907 uni
601 1876 647 1908 cum
655 1865 721 1909 altero
731 1877 783 1908 sum·

96 1956 150 1987 mam
162 1941 291 1984 intercedere
303 1940 485 1990 necessitudinem.
512 1941 607 1985 Alterum
621 1942 684 1995 enim,
699 1940 751 1999 quod
760 1938 784 1981 de

96 2019 149 2063 XVI
167 2018 272 2074 prophetis
290 2019 344 2074 agit,
364 2017 440 2075 prioris
459 2018 548 2073 epitome
566 2022 600 2062 est
618 2032 642 2062 ac
661 2019 747 2073 proinde
764 2016 786 2066 in,

97 2093 161 2138 Codd.
176 2093 286 2149 Epiphanii
299 2106 372 2137 nomen
385 2078 445 2138 nudo
459 2094 514 2148 gerit
529 2093 588 2137 modo
603 2108 643 2137 non
653 2096 713 2150 gerit.
727 2094 785 2136 Haec

96 2183 148 2216 itero
162 2168 240 2226 duplex
253 2169 344 2224 eJusdem
357 2170 421 2214 libelli
435 2168 498 2214 editio
512 2171 583 2228 mirum
595 2171 672 2215 habere
686 2184 728 2214 non
746 2181 786 2225 po-

97 2248 147 2291 terit
160 2259 217 2298 eum,
232 2246 265 2302 qni
278 2248 416 2303 reputaverit,
436 2248 503 2303 ipsum
516 2246 656 2303 Epiphaniam
670 2247 702 2289 sni
716 2247 786 2288 Pann-

97 2325 123 2368 rii
139 2316 331 2378 accumulando
348 2322 468 2368 condidisse
486 2327 508 2368 ct
526 2323 661 2386 Anastasium
679 2322 725 2366 libri
743 2321 787 2376 ejus
809 2341 811 2343 ·

97 2402 142 2456 περὶ
160 2400 201 2455 cdo
218 2395 249 2455 ιβ’
268 2399 346 2453 λίθων,
369 2413 428 2457 quem
445 2403 555 2458 genuinum
572 2414 623 2445 esse
641 2401 678 2445 vix
700 2395 788 2443 dubitari

98 2481 180 2536 potest7
202 2477 306 2534 epitomen
324 2478 487 2542 coniecissem)
524 2479 656 2534 Epitomator
676 2477 723 2521 libri
746 2473 788 2528 περὶ

140 2601 171 2641 ⁵0)
181 2598 232 2634 Acori
242 2595 307 2643 ἐκλήθη
318 2596 327 2630 o‘
338 2597 440 2638 Μελχισεδὲκ
449 2596 524 2644 ἀπάτωρ,
540 2596 607 2645 ἀμήτωρ
621 2599 649 2632 rod
663 2597 789 2641 ἀγενεαλόγητος

99 2652 148 2697 (opp.
159 2656 181 2688 11.
191 2664 208 2695 p.
219 2654 257 2686 239.
269 2652 297 2685 cd.
307 2650 385 2694 bened),
400 2662 417 2684 v.
429 2654 475 2687 cave
485 2655 499 2686 Ι.
509 2664 525 2696 p.
538 2655 574 2687 lea.
596 2654 658 2687 oudin.
669 2654 683 2686 1.
695 2662 710 2686 c.
721 2652 755 2684 344
765 2657 788 2681 ss·

141 2719 171 2759 at)
183 2719 236 2753 Plane
247 2720 292 2755 sicut
303 2725 325 2752 ex
335 2719 424 2760 epiphanii
435 2719 506 2754 raiano
517 2720 579 2756 librum
590 2729 638 2756 snum
654 2719 676 2753 dc
690 2716 789 2753 haeresibus
