1628 2882
358 59 535 103 *μὴ

104 195 154 226 esse
168 183 203 226 vel
222 184 293 241 lunga,
309 184 366 227 velut
383 186 405 226 in
421 183 491 243 bichini]
509 178 561 239 (pro
579 177 673 244 ihm)
691 188 713 229 et
731 185 793 238 billi]

102 257 146 317 (Ξ
160 259 252 322 irrep),
267 261 302 302 vel
317 260 398 315 brevis,
411 260 512 314 sequente
526 256 629 313 Duces,
648 259 707 300 velut
720 259 741 301 in
754 241 793 303 noss
810 315 811 318 Ἰ

104 336 159 378 minc
173 336 287 392 prophelae
305 334 382 393 nostri3
400 347 433 377 nn.
450 346 501 376 vero
523 333 606 389 propria
624 344 648 375 co
666 333 737 387 modo,
756 347 794 392 quo

105 412 185 456 facilius
205 414 355 469 volubiliusque
373 411 503 467 pronunciari
525 411 619 465 possint,
644 410 748 454 decurtari
770 425 795 455 ac

106 490 209 543 contrahi,
228 492 265 533 vix
278 502 367 533 necesse
381 492 427 544 est,
446 492 470 530 ut
484 488 552 530 multis
566 488 667 544 exemplis
686 489 795 532 confirme-
810 495 812 497 ’

106 564 187 624 unns-²]
216 569 306 611 Veteres
318 568 454 621 interpretes,
471 569 544 607 textus
561 565 653 607 hebraici
671 565 731 617 signu
749 565 795 607 die-

107 642 180 685 critica
193 643 227 685 nel
241 644 362 697 ignorantes
375 641 409 684 vel
424 654 463 684 non
477 645 583 693 curantes
601 654 621 683 n.
635 640 740 683 Habacnci
755 653 796 683 va-

107 720 138 761 rio
152 719 211 762 mede
224 719 317 773 legerunt
331 732 355 761 ac
369 719 454 775 proinde
467 720 526 761 vario
534 718 594 761 modo
601 720 795 773 transscripserunt.
811 729 812 732 ’

108 795 244 839 Alexandrini
257 796 384 852 scripserunt
396 792 517 850 Ἀμβακούμ
535 793 596 850 idque
615 808 652 850 pro
670 792 797 848 Ἀμβακοὺκ,

108 873 144 915 vei
158 884 185 915 nc
199 872 298 927 syllabam
313 876 424 915 extremam
443 870 515 913 cadem
533 870 594 912 litera
612 864 634 912 et
650 870 758 913 inchoaret
776 874 813 911 etr

109 945 240 990 concluderet
253 945 433 1007 [qrremadmodurn
451 945 574 1000 Βεελζεβοὺλ
595 959 633 1002 pro
651 940 813 1005 caeremon),

109 1024 144 1067 vel
158 1024 205 1080 quia
218 1025 272 1066 aliud
290 1025 329 1066 sibi
347 1026 434 1067 nominis
452 1029 544 1081 etymon,
563 1025 618 1079 quod
635 1024 740 1074 divinare,
758 1024 797 1067 sed

110 1113 152 1142 non
171 1101 256 1142 definire
274 1115 392 1157 possumus·
419 1101 502 1142 sibimet
518 1100 661 1142 informabant.
692 1101 799 1154 legerunt

109 1175 171 1229 igitur
185 1179 258 1233 diffidi-l,
278 1189 330 1231 quae
347 1177 419 1228 forma,
440 1178 459 1219 si
472 1191 486 1218 a
499 1191 520 1218 v.
539 1177 582 1234 ΡΞΠ
601 1175 718 1233 derivetur,
737 1177 814 1232 plene*

111 1253 213 1295 abnormis
227 1257 269 1309 est,
289 1255 329 1295 nisi
343 1255 397 1296 forte
411 1266 456 1296 cam
469 1266 505 1309 pro
519 1251 630 1295 metathesi
643 1265 700 1295 merc
718 1252 797 1309 eupho-

111 1347 157 1388 nica
174 1347 258 1389 habeas.
266 1344 289 1404 ³]
320 1347 371 1401 Syri
391 1337 473 1397 affl,
492 1347 574 1388 Arabes
594 1326 680 1409 &3ss
699 1346 798 1399 scribunt,

110 1450 169 1506 quasi
182 1451 271 1506 genuina
284 1450 348 1494 forma
361 1452 390 1494 sit
403 1455 468 1513 pelagi]
488 1464 524 1507 pro
544 1453 608 1509 pipin
626 1454 711 1505 propter
729 1455 799 1506 guttu-

110 1526 183 1582 ralem,
196 1539 249 1582 quae
263 1526 344 1581 quidem
357 1527 431 1585 forma,
444 1542 458 1571 a
472 1527 605 1585 quadr-ilitero
620 1527 677 1587 pegi]
686 1527 748 1584 facta,
760 1541 799 1585 op-

110 1603 162 1661 time
173 1617 197 1646 sc
212 1603 280 1646 habet.
307 1603 360 1647 Narn
374 1606 400 1648 ub
414 1597 506 1648 omnibns
520 1608 566 1659 ejus
583 1594 659 1646 formae
677 1604 799 1658 quadrilitc-

111 1690 150 1738 ris,
170 1690 228 1730 uelut
241 1674 306 1742 ἓξὲξ,
323 1675 389 1743 ἓξὲξ,
405 1690 470 1751 Wprfjp
489 1694 537 1744 ete,
556 1690 607 1733 talia
620 1689 703 1732 nomina
715 1685 812 1732 abstra'

112 1765 174 1815 chva,
189 1779 272 1821 qrrorurn
284 1766 355 1821 lingua
366 1768 504 1810 neohcbraica
518 1779 583 1822 paene
596 1765 697 1808 infinitam
710 1767 800 1809 multitu-

111 1843 181 1886 dinem
200 1843 294 1899 exhibet,
317 1845 439 1887 conlormari
459 1846 552 1900 possunt.
588 1842 727 1886 Vehementer
748 1856 800 1887 vere

112 1920 189 1977 tollitur
202 1919 352 1976 Hitzz'pine,
371 1922 405 1975 qui
418 1933 438 1962 n.
452 1921 567 1975 prophetae
583 1920 695 1963 secundum
712 1923 802 1975 puncta-

155 2043 174 2082 2)
185 2043 286 2086 Jorprcn
296 2053 313 2086 p.
325 2044 361 2077 162.
388 2044 472 2078 ditiori
483 2044 604 2078 Onomasticon
620 2051 636 2077 c.
650 2044 803 2077 xxvi-xxxi.

156 2110 243 2149 arnagcs
261 2118 292 2149 per
310 2111 409 2151 epenthesin
428 2113 576 2151 recompensatum
598 2104 637 2152 c'st,
666 2111 804 2151 quemadmodum

113 2165 170 2195 multis
181 2166 199 2194 in
210 2173 237 2195 vv.
249 2164 364 2204 quadriliteris
375 2173 397 2197 ex
408 2163 452 2206 conj.
464 2164 513 2198 Pici
524 2167 567 2198 ortis
580 2165 690 2206 (Jccnruu
701 2173 717 2204 p.
730 2164 776 2203 161.)
786 2166 804 2197 et

113 2226 142 2250 nu.
153 2219 254 2259 plurilitcris
266 2218 296 2259 (ib.
307 2227 324 2258 p.
335 2218 389 2261 207.)‚
403 2220 498 2262 etquidem
510 2228 540 2262 per
550 2234 562 2260 μ
577 2223 647 2262 propter
663 2222 762 2261 sequentem
777 2221 804 2254 la-

113 2272 180 2305 bialem.
202 2275 265 2306 Errant
277 2273 383 2307 Clericus
394 2275 419 2318 (in
429 2275 442 2307 i.
453 2275 484 2307 lli.
495 2277 544 2308 Artis
555 2273 638 2317 Oriticae)
650 2277 804 2316 eoqueprueeuntc

115 2326 268 2373 campanolas,
288 2330 317 2371 qui
330 2330 374 2363 hanc
388 2331 460 2363 formam
473 2329 567 2373 ’Λμβακοίιμ
583 2340 614 2372 pro
633 2331 676 2363 vitio
693 2330 804 2363 librariorum

113 2382 180 2424 habent,
190 2392 224 2416 non
235 2386 256 2417 ab
267 2387 309 2424 ipsis
320 2386 374 2428 LXX,
384 2386 474 2419 hebraicae
484 2387 565 2418 lectionis
575 2385 708 2427 ntiqueperitis,
718 2387 804 2426 proiecto.

115 2438 159 2475 Quin
170 2440 226 2478 potius
235 2437 336 2482 Ἀμβακούμ,
346 2444 365 2473 ut
376 2449 397 2473 ex
412 2441 463 2474 codd.
478 2442 581 2482 Patremque
596 2441 666 2479 scriptis
679 2443 759 2481 apparet,
774 2448 805 2479 ge·

115 2494 167 2522 cunm
181 2496 208 2524 esc
224 2496 309 2526 versionis
323 2495 449 2527 Alexandrinae
465 2495 531 2538 forma,
547 2491 597 2536 cujus
613 2493 707 2527 varietates
723 2493 805 2536 deinceps

115 2548 164 2578 ortae
175 2550 223 2579 srrnt:
244 2546 331 2591 Llssanor'p,
339 2547 432 2591 uenenato
443 2552 526 2593 (Epiph.),
535 2548 632 2591 Ἀμβακούκ,
642 2546 732 2590 Ἀββακοὺκ
741 2550 806 2587 [fornia

115 2599 136 2633 ad
148 2600 244 2635 hebraicam
254 2611 315 2637 recens
326 2606 418 2643 correcta).
440 2606 500 2638 Latine
511 2604 593 2638 scribitur
603 2602 734 2645 herbacum,
745 2612 805 2639 verum

115 2656 167 2688 etiam
177 2657 286 2692 Arnbncuc
297 2659 366 2697 (Cluen.
376 2661 434 2692 Pasch.
444 2668 459 2699 p.
468 2659 517 2697 cie.)
525 2663 544 2692 et
555 2659 653 2692 Abacuc.
674 2659 702 2691 De
713 2660 806 2698 eoptica

114 2712 188 2742 norninis
199 2714 293 2752 scriptione
303 2723 320 2746 v.
332 2715 399 2746 Daniel.
410 2722 445 2746 seo.
456 2715 511 2747 [axx.
524 2721 545 2745 cn
556 2713 642 2755 Tetraplis
653 2712 716 2745 editum
728 2721 744 2753 p.
756 2710 784 2743 89.
