1628 2882
340 68 533 113 -...96.....

93 182 138 234 est,
156 191 192 221 eur
206 180 242 222 vix
260 179 353 238 credam,
370 178 507 237 Epiphaniam
525 178 634 235 genuinum
654 189 703 222 esse
721 179 778 235 hujus

92 255 140 298 libri
153 261 264 300 auctorem.
291 257 367 313 Neque
381 257 434 301 enim
447 256 559 300 verisimile
577 258 620 307 est,
641 243 707 312 ipsum
725 259 780 304 velut

93 333 126 375 sui
144 333 238 386 ohlitum,
266 335 372 391 opiniones
391 334 505 377 contrarias
523 333 606 390 seriptis
624 333 675 394 suis
690 334 781 379 inserere
809 384 812 400 ί

93 412 193 452 voluisse.
220 411 390 465 Respondemus:
413 406 442 469 l]
457 411 497 452 etsi
516 411 567 452 haee
586 408 720 452 contradictio
740 412 781 454 tolli

93 490 194 545 nequeat,
207 491 279 531 nostra
292 487 341 529 nihil
356 486 432 546 refert,
445 501 492 530 nam
506 485 581 542 Epiph.
596 487 654 543 ipse,
667 490 690 528 ut
704 487 756 527 ent.
767 488 779 529 l.

94 563 180 606 Panarii
192 567 288 620 apparet,
302 563 379 619 sensit,
393 564 546 620 genealogiam,
560 575 618 619 quam
631 563 660 605 ihi
674 565 783 620 exstruxit,

95 641 150 682 male
163 641 267 681 fundatam
281 652 336 680 esse«
364 640 389 679 ln
403 639 493 682 Panario
509 638 601 694 exhibet,
616 651 668 694 qnae
682 642 731 696 tum,
744 652 781 682 ne-

97 717 142 759 scio
160 717 203 771 uhi,
221 717 342 772 invenerat,
358 715 380 756 in
396 714 410 756 l.
429 715 456 757 de
473 714 596 773 Prophetis,
614 716 648 771 qni
661 715 783 771 utiquemon

96 797 130 836 est
145 794 215 835 critice
229 793 348 845 historicus,
369 804 395 833 ea
409 805 461 848 qnae
475 793 528 848 apud
542 791 670 835 Dorotheum
688 792 728 848 ipsi
746 793 783 835 oh-

95 874 210 925 venerant,
228 869 316 912 fideliter
334 868 451 911 reddidisse
469 873 544 924 potest.
579 869 643 924 Atqui
669 866 699 926 d]
722 869 783 913 valde

96 946 195 989 incertum
210 950 252 998 est,
267 958 312 988 nurn
326 957 346 987 n.
360 958 390 1001 pr.
405 942 498 1001 Σωβὰκ,
512 946 577 1001 patris
591 944 661 999 Eliae,
676 946 783 999 genuinum

97 1023 126 1064 sit
139 1025 235 1077 totosque
248 1023 305 1064 locus
319 1025 378 1064 recte
391 1034 416 1063 se
434 1020 516 1064 haheat.
548 1021 601 1064 Mira
619 1026 653 1064 est
670 1006 724 1063 enim
743 1021 784 1064 Co-

97 1097 164 1140 dicum
177 1097 198 1140 in
211 1098 255 1140 loco
269 1111 294 1141 ac
308 1098 435 1152 potissimum
449 1098 531 1139 nomine
544 1098 578 1139 illo
593 1097 703 1139 scribendo
714 1099 784 1140 varie-

97 1176 142 1229 tas3
155 1185 222 1229 neque
235 1177 311 1231 tamen,
325 1174 357 1216 cui
370 1174 467 1216 hebraico
481 1174 556 1216 nomini
570 1171 703 1229 respondeat,
718 1187 745 1217 en
752 1174 784 1217 his

98 1251 161 1293 uariis
175 1250 282 1306 scripturis
296 1251 394 1293 extricari
407 1254 485 1306 potest.
494 1247 528 1307 ⁷⁸)

151 1327 191 1370 llis
205 1327 337 1383 praemissis,
350 1328 481 1383 perspicuum
496 1331 542 1383 est,
556 1327 606 1369 nihil
620 1329 703 1369 obstare
711 1360 717 1383 ,
734 1341 784 1384 quo-

98 1404 164 1448 minus
177 1403 191 1446 l.
205 1404 248 1461 nupt
262 1403 297 1445 τοῦ
311 1403 429 1461 Hpopapzoto
443 1404 469 1447 ab
483 1403 720 1460 Epiphanio'profeetns
738 1417 785 1447 esse

98 1483 172 1537 possit.
199 1483 254 1523 Nam
267 1481 286 1522 si
299 1492 351 1523 nera
365 1484 413 1523 sunt
431 1493 468 1536 ea,
489 1493 542 1537 quae
560 1481 629 1523 multis
648 1487 670 1523 et
686 1482 785 1538 gravibus

98 1558 224 1613 argumentis
235 1558 322 1613 probare
334 1559 453 1613 sategimus,
468 1560 562 1614 primum,
576 1557 713 1613 Dorotheum,
728 1572 786 1616 quem

97 1634 210 1689 Procopius
225 1634 251 1678 de
265 1635 414 1689 Prophetarum
427 1647 507 1688 quoqne
521 1635 565 1675 vita
578 1639 600 1674 et
611 1635 667 1676 obitu
676 1635 787 1690 scripsisse

99 1713 200 1764 testatur,
218 1723 258 1753 non
272 1723 322 1754 esse
334 1711 439 1767 fictitium,
458 1709 533 1753 deinde
546 1710 586 1754 hoc
599 1724 730 1767 syngramma
747 1723 787 1754 non

99 1800 112 1830 e
124 1787 189 1830 latino
203 1799 298 1830 sermone
311 1789 332 1830 in
346 1800 442 1843 graecum
456 1788 623 1846 translatum,
639 1788 678 1832 sed
697 1788 723 1831 ab
741 1789 787 1845 ipso

44 1856 45 1859 ¹
99 1864 206 1908 Dorotheo
231 1877 330 1918 graece
350 1866 492 1918 consignatum
511 1877 573 1922 esse,
597 1851 681 1921 liquet,
694 1865 788 1920 Epipha-

98 1942 152 1983 nium
163 1941 322 1995 syngrammatis
331 1940 460 1983 Dorotheani
468 1941 635 1996 interpolatorem
644 1953 693 1983 esse
705 1952 788 1996 posse.

98 2016 225 2060 Refntantes
239 2029 290 2060 uero
305 2029 353 2070 eos,
371 2019 404 2073 qui
418 2018 431 2061 l.
445 2018 489 2072 nupt
503 2021 542 2059 toto
555 2018 674 2075 Προφητών
692 2019 718 2061 ah
736 2017 789 2073 Epi-

98 2095 174 2150 phanio
188 2095 302 2149 profectum
316 2107 365 2137 esse
382 2100 523 2151 negaverunt,
543 2095 603 2137 simul
620 2108 681 2138 esse
701 2108 746 2138 ennn
764 2095 789 2137 ah

99 2185 124 2214 eo
144 2171 257 2227 protectum
277 2172 440 2215 coritirmavimns
460 2172 521 2227 idque
545 2170 642 2215 Codicum
665 2173 790 2227 testimonio,

141 2318 171 2356 78)
182 2317 232 2349 Text.
249 2318 309 2349 'lorini
326 2319 344 2349 et
359 2318 435 2350 Petavii:
462 2315 521 2359 Σωβὰκ
537 2318 546 2350 ὁ
561 2317 617 2363 πατὴρ
632 2315 691 2349 αὐτοῦ.
719 2318 790 2351 norom

99 2372 181 2412 Chronici
191 2372 290 2404 Pasehalis:
312 2371 371 2414 Σβαχὰ
381 2372 390 2404 o‘
401 2372 457 2418 πατὴρ
467 2372 521 2406 αὐτοῦ
525 2385 530 2414 ς
542 2374 613 2406 Doroth.
626 2373 709 2406 Muscnlt:
727 2376 790 2414 pater

98 2427 161 2471 illins
173 2426 281 2466 Sahaohe3
296 2427 495 2466 con.nng.a1³etavro
510 2430 593 2461 collatus:
610 2426 676 2468 Σοχοβὰ
690 2424 701 2468 ἡ
715 2426 789 2469 μήτηρ,

100 2484 117 2511 et
127 2481 184 2520 pantio
196 2483 243 2519 post:
265 2478 551 2524 e'tedvdnordpodroa'Aedp.
580 2482 664 2512 tleluraiua
679 2489 729 2513 nrum.
747 2488 790 2511 sono

100 2535 196 2566 consimilia
207 2538 225 2566 et
235 2537 316 2567 similiter
326 2537 347 2567 ab
358 2537 479 2568 Alexandrinis
490 2537 601 2574 transscripta
612 2538 652 2566 sunt
666 2531 722 2590 lapte)
736 2534 790 2566 LXX.

100 2599 158 2642 arpa
170 2599 220 2641 (nen.
231 2600 258 2642 no,
269 2601 307 2643 asp
330 2598 385 2657 eppa·
396 2602 449 2633 Lxx.
471 2600 530 2657 aona
541 2600 730 2642 (asam.1o‚1e.1o.);
741 2599 795 2655 ³230,

100 2664 166 2698 LXX,
180 2664 252 2706 Σεβοχοί,
263 2667 342 2708 Σοβοχαὶ,
353 2666 428 2708 Σοβοχαΐ
437 2668 455 2706 (2
465 2670 510 2699 Sam.
521 2667 549 2708 31,
560 2667 586 2697 18.
609 2666 618 2697 1
631 2665 670 2698 Chr.
682 2665 709 2706 11,
720 2666 747 2698 29.
764 2662 792 2705 20,

101 2717 121 2751 4.Ἰ
128 2717 157 2761 Et,
168 2719 209 2762 11.)‚
220 2721 250 2754 sed
262 2721 328 2754 nnlhnn
339 2721 360 2753 de
370 2723 397 2753 his
408 2722 426 2753 in
438 2724 501 2762 patrem
512 2722 561 2755 litiae
572 2721 648 2762 quadrat.
