1628 2882
90 161 237 216 strationem,
254 171 306 216 quae
321 161 375 202 inter
388 161 427 204 hoo
441 165 462 204 et
477 160 571 216 syriacas
585 160 695 203 versiones
714 159 774 205 inter·
813 187 814 208 i

90 236 158 293 eadit⁷
176 227 334 295 illustrabimus3
353 241 394 279 tum
408 238 550 292 quae-Patres
569 236 595 278 de
614 237 653 278 bae
671 236 776 282 traditione

91 313 296 370 apocryphorumqoe
316 312 479 357 danielitieorum
498 314 624 357 auctoritate
645 313 737 356 referant
757 328 777 359 ae

92 391 194 444 sentiant,
214 391 326 434 seeundum
345 390 436 434 ordinem
454 393 602 434 sententiarum
625 402 650 433 ae
670 394 778 446 temporum
803 401 804 404 ’

92 468 176 521 digesta
191 468 365 523 eonoinnabimus3
379 466 475 523 denique,
489 468 569 509 etiamsi
584 468 719 521 fragmentum
728 466 779 509 istud

93 544 216 587 aramaieum
230 545 357 600 srrppositum
376 549 444 601 esset,
463 543 484 586 id
502 544 557 600 qood
573 556 722 599 pernegamuS‚
739 544 779 595 ejus

94 621 212 663 traditionis
217 626 255 664 sat
263 622 366 664 luculenta
374 621 465 674 vestigia
475 621 536 663 etiam
542 620 671 676 Juduiaarum
681 620 780 664 literarum

95 699 234 741 monumentis
248 699 348 741 contineri
360 698 553 741 demonstrabimus.

406 881 422 940 a
437 883 476 924 ra.

114 966 121 984 ⁴
158 970 310 1016 Hebraeae
324 972 521 1026 discophorus
535 972 616 1032 apud
629 969 727 1017 LXX.

152 1090 280 1134 Traditionis
300 1091 326 1134 de
343 1091 454 1135 Habaeueo
472 1091 567 1134 Danielis
586 1093 710 1135 obsonatore
729 1090 787 1133 testis
811 1136 812 1139 ,

99 1168 242 1224 antiquissima
256 1172 290 1211 est
298 1169 368 1212 versio
378 1168 480 1221 Danielis,
494 1181 546 1224 quae
556 1169 637 1225 dicitur,
648 1169 787 1223 septuaginta-

100 1246 185 1300 viralis,
199 1258 259 1299 quam
272 1256 325 1287 eave
337 1245 452 1287 confundas
465 1256 509 1286 eum
523 1244 620 1287 versione
634 1244 788 1297 Theodotionis,

101 1321 188 1377 quaein
203 1321 357 1364 Alexandrinae
371 1322 474 1364 versionis
489 1322 612 1364 editionibus
627 1334 654 1364 ex
674 1322 789 1363 inveterata

102 1398 205 1441 ecclesiae
220 1386 403 1442 consuetudinem
416 1400 476 1453 bojrrs
489 1399 555 1442 loeum
570 1399 681 1442 substituta
694 1411 720 1442 ao
739 1412 790 1454 sop-

102 1476 171 1530 posita
180 1488 229 1517 esse
236 1476 295 1517 solet.
316 1477 528 1531 Septuagintaviralis
537 1476 633 1518 Danielis
640 1475 719 1532 versio7
733 1486 790 1530 quam

105 1549 208 1604 Drv'yeaoa
221 1550 243 1593 in
256 1565 294 1594 sua
310 1550 425 1608 Tetrupla,
440 1554 493 1594 sieut
509 1555 531 1594 in
548 1554 645 1608 Hexapla
661 1551 791 1594 Theodotiu-

103 1640 161 1677 nem,
180 1630 269 1684 recepit,
289 1630 374 1684 primum
388 1629 444 1671 edita
458 1635 492 1672 est
505 1642 518 1671 a
532 1628 639 1672 Simone
657 1629 689 1671 de
706 1627 792 1683 Muni-

104 1705 182 1760 sirn's7
201 1705 266 1747 Patre
280 1703 372 1748 Orator-ii
389 1707 477 1749 Romani
495 1706 644 1760 eruditissimo,
660 1706 693 1747 'ex
710 1702 792 1746 Codicis

105 1779 197 1823 Cbisiani
210 1782 328 1837 apographo
342 1796 380 1837 per
393 1782 527 1823 Franeiseum
539 1782 648 1839 Blauabini
656 1781 711 1824 laeto
721 1791 793 1836 eoque,

104 1861 126 1898 ut
140 1856 235 1911 Rogatus
249 1858 383 1913 oonqueriton
395 1858 478 1909 vitioso,
491 1858 577 1914 proinde
591 1859 747 1916 nequeintegra
756 1868 794 1901 nee

104 1931 238 1993 sineer·a.⁵³)
268 1937 293 1978 ln
310 1937 345 1978 illo
364 1936 414 1979 Cod.
439 1935 537 1978 Chisiano
559 1937 684 1992 singularum
707 1936 809 1991 partium*

105 2012 201 2056 Danielis
216 2011 292 2055 Graeci
307 2012 340 2053 lrie
353 2018 387 2054 est
398 2001 459 2053 ordo:
492 2010 522 2070 1)
539 2012 697 2069 Prophetiarum
715 2010 794 2054 Danie-

106 2087 131 2129 lis
150 2101 209 2143 oapp.
227 2087 279 2140 ΧΠ,
298 2090 392 2143 subjecta
409 2088 510 2135 elausula:
541 2086 620 2141 Δανιὴλ
638 2087 694 2132 aava
711 2086 760 2137 τοὺς
772 2086 794 2136 'O

106 2164 186 2223 ἐγράφη
200 2180 219 2206 a.
233 2181 252 2206 τ,
267 2167 285 2207 λ,
304 2162 335 2223 2]
344 2166 446 2222 Susanna,
460 2179 504 2223 eap.
515 2166 586 2222 xliia
601 2162 632 2225 3)
641 2167 680 2212 Bel
689 2153 796 2221 etDraoo,

106 2258 151 2299 cap.
166 2244 232 2298 XIV„
247 2245 339 2296 praefixa
346 2245 488 2298 inscriptione:
503 2248 525 2285 ἐκ
538 2246 574 2294 τῆς
585 2246 711 2299 προφητείας
717 2242 797 2296 balada-

105 2320 159 2376 noba
172 2334 190 2363 a.
205 2336 222 2362 τ.
237 2320 262 2370 i„
276 2318 303 2361 de
317 2331 357 2374 qum
374 2332 437 2375 supra
456 2319 554 2372 diximus,
573 2325 595 2364 et
613 2333 686 2364 rursus
698 2320 797 2374 sabjecta

107 2399 210 2442 clausula:
238 2394 318 2446 Δανιὴλ
332 2394 387 2439 abab
401 2395 448 2448 τοὺς
457 2397 486 2439 Ὀ.
518 2398 596 2441 Verum
609 2399 630 2441 in
648 2396 797 2455 antiquissimis

107 2477 210 2522 versionis
224 2475 279 2519 Dan.
295 2474 499 2530 septuragintaviralis
513 2476 665 2532 exemplaribus
676 2474 797 2519 historiade

108 2556 204 2600 Srrsanna
218 2553 333 2598 visionibus
347 2551 479 2595 Danielitieis
487 2555 631 2610 praemittitur,
644 2558 716 2596 cetera
726 2553 797 2595 eodem

150 2713 179 2751 53]
190 2713 251 2746 niuniel
262 2720 298 2744 see,
309 2711 428 2751 Septrraginla,
440 2712 506 2743 Ronrae
518 2711 565 2744 1772,
577 2712 606 2744 tol.
