1584 2882
263 107 458 151 „ap-

22 221 97 277 olympi
111 219 202 273 Lyciae,
217 218 293 264 demde
307 220 369 274 Tyri,
383 212 483 275 nusquam
496 221 518 262 in
531 220 558 262 H.
573 220 600 263 E:
614 233 705 263 comme-

21 293 128 356 ila-atae),
141 287 283 338 adversarium
296 296 352 338 illum
366 293 464 351 origenis
475 295 581 354 eximium,
591 296 706 341 doctrinae

21 374 147 421 Christianae
161 376 233 416 contra
246 373 382 431 Porphyrium
397 374 481 430 Tyrium
495 370 536 433 [m.
551 371 617 434 304]
631 373 706 416 deien-

21 466 90 508 sorem,
104 463 164 507 quem
176 449 308 507 Epiphanius
322 451 431 508 collaudat,
443 463 503 507 quem
517 441 657 507 Hieronymus
670 452 706 493 in-

21 536 48 574 ter
66 528 180 582 scriptores
200 527 361 581 ecclesiasticos,
379 519 476 570 recenset
495 534 595 584 quemque
619 527 706 570 Eusebii

21 613 108 662 tempora
121 603 218 659 attigisse
232 603 368 646 certissimum
382 607 422 647 cst.
449 604 528 648 Latere
537 605 623 662 ,quidem
632 602 706 664 Ense-

21 684 69 728 bium
83 679 185 723 Dorothei
198 681 331 737 episcopatus
344 694 385 724 non
400 685 492 738 poterat,
510 681 538 725 de
556 695 596 739 quo
613 682 705 724 tortasse

21 761 69 802 alias
88 758 151 818 dinit,
178 757 233 798 sicut
251 757 334 815 Paulini
347 757 374 799 ad
394 759 535 813 episcopatum
554 758 706 815 Antiochenam

20 833 172 877 translationem
185 832 206 874 in
220 832 247 874 H.
261 831 288 875 lh.
302 822 387 886 reticet,
401 836 423 875 in
436 834 449 876 l.
464 837 536 878 contra
545 833 706 879 lllarccllumre-

20 913 67 964 lert,
85 922 145 967 quam
158 914 238 962 tamen,
256 911 332 966 qnippe
345 911 406 966 paolo
419 915 468 955 ante
482 911 518 954 vel
532 916 580 968 post
598 910 716 970 concilium·

20 989 130 1031 Nicaenum
138 987 220 1044 factam,
231 988 274 1040 Jam
283 988 305 1030 in
313 986 341 1030 Η.·
347 986 375 1030 Ε.
385 980 544 1032 commemorare
551 991 648 1044 poterat.>
661 986 706 1028 Al-

20 1069 74 1109 tcra
87 1063 180 1121 quaestio
194 1067 239 1116 est,
253 1076 290 1107 cur
302 1067 370 1121 neque
383 1062 488 1110 Eusebius
501 1064 597 1109 librorum
611 1076 624 1107 a
637 1062 707 1106 Doro-

20 1143 64 1185 theo
85 1142 208 1198 scriptorum
225 1141 349 1184 mentionem
367 1140 456 1197 injiciat,
478 1154 546 1199 neque
566 1126 706 1197 Hieronymus

20 1231 63 1262 enm
81 1218 216 1274 scriptoribus
232 1217 382 1261 ecclesiasticis
396 1206 536 1267 adnumeret?
565 1203 597 1262 ¹ln
614 1218 706 1262 Eusebio

20 1295 129 1339 mirandum
143 1305 185 1337 non
198 1293 244 1350 est,
262 1294 296 1349 qui
309 1293 439 1337 Borotlreum
453 1298 545 1349 tempore
560 1306 585 1338 eo
600 1305 707 1348 cognove-

20 1375 84 1424 verat,
95 1384 135 1429 quo
147 1369 250 1426 ingenium
262 1371 308 1426 ejus
318 1370 446 1428 eruditioque
458 1370 545 1414 necdum
554 1384 617 1428 opera
625 1371 651 1414 ab
660 1371 707 1427 ipso

20 1448 95 1506 scripta
102 1447 206 1492 laudanda
214 1451 282 1500 erant,
294 1460 346 1505 qnae
353 1447 487 1505 probabiliter
493 1449 619 1505 provectiori
627 1451 705 1499 aetate,

19 1526 107 1567 fortasse
121 1538 165 1567 cum
180 1523 307 1579 Odyssopoh
320 1525 386 1566 vitam
399 1525 501 1581 privatam
509 1530 588 1580 ageret,
601 1523 706 1576 elucubra-

19 1606 51 1645 tus
65 1607 105 1646 est.
133 1601 272 1657 Hieronymus
285 1604 354 1644 autern
367 1601 389 1645 in
407 1598 507 1656 Catalogo
528 1601 656 1659 scriptorum
670 1612 707 1643 ec-

20 1680 190 1731 clesiasticorum,
204 1690 263 1735 quern
276 1690 309 1720 ao.
324 1675 374 1719 392
395 1676 495 1736 (triginta
512 1681 644 1734 annospost
661 1677 708 1720 Do-

19 1756 85 1798 rothei
98 1750 231 1812 martyrium]
245 1753 395 1808 sexagenarius
408 1754 527 1811 composuit,
541 1753 628 1797 Eusebii
642 1753 670 1795 H.
680 1752 707 1796 Ε.

19 1832 140 1887 praeprimis
149 1828 239 1887 adjutus,
253 1829 333 1873 CXXX
341 1830 455 1886 scriptores
461 1827 496 1888 2⁵]
504 1830 574 1873 laudat
583 1842 607 1873 ac
616 1828 709 1886 proinde,

19 1908 71 1953 sicut
85 1907 172 1965 amplius
186 1906 323 1964 quadraginta
337 1906 400 1960 alios,
414 1906 541 1952 Dorotheum
555 1918 635 1965 quoque
649 1906 708 1950 omit-

20 1989 63 2029 tere
76 1988 168 2044 poterat,
183 1997 242 2041 quem
256 1984 337 2042 quidem
351 1985 371 2027 si
383 1984 488 2037 novisset,
508 1988 581 2042 utpote
594 1983 708 2028 studiorum

19 2063 128 2106 eorundem
142 2063 282 2106 communione
296 2061 335 2105 sibi
350 2063 486 2118 conjunctum,
499 2062 580 2106 minime
596 2062 707 2104 omisisset.

20 2135 43 2179 Si
57 2138 91 2195 qni
104 2136 131 2180 de
144 2137 188 2195 his,
202 2138 236 2195 qni
249 2149 314 2196 nsque
328 2135 389 2179 hodie
403 2137 538 2197 scripserunt,
551 2137 616 2195 inquit
629 2137 707 2180 Hiero·

19 2227 91 2269 nymns
104 2215 126 2259 in
139 2214 242 2272 prooemio
257 2212 362 2270 Catalogi,
376 2227 389 2257 a
402 2226 435 2258 me
449 2215 471 2258 in
484 2214 523 2258 hoc
534 2215 708 2270 volumineprac-

19 2292 110 2336 termissi
131 2296 190 2347 sunt,
212 2292 252 2336 sibi
269 2291 336 2346 magis
356 2303 416 2348 qnam
435 2292 484 2336 mihi
503 2291 580 2336 debent
601 2292 708 2349 imputare.

20 2368 92 2425 Neque
106 2368 159 2413 enim
173 2368 268 2412 celantes
281 2368 360 2424 scripta
373 2381 411 2411 sua
425 2368 452 2412 dc
470 2368 512 2421 his,
531 2381 584 2425 qnae
601 2380 643 2412 non
661 2367 709 2425 legi,

61 2526 92 2565 24)
102 2521 140 2559 Non
150 2526 219 2558 inscitia
229 2528 259 2557 aut
270 2527 385 2569 negligentia,
400 2528 419 2559 ut
434 2527 509 2568 uidetur,
520 2525 550 2566 sert
561 2526 653 2565 propterea
664 2524 709 2565 quod

20 2578 119 2623 origenem,
131 2578 180 2621 cujus
190 2582 228 2621 ipse
239 2581 371 2613 studiosissimus
383 2583 431 2624 crat,
442 2581 579 2622 impugnaverat,
590 2589 606 2611 v.
618 2579 676 2612 vales.
688 2578 709 2609 ari

20 2633 40 2666 li.
51 2636 72 2667 n.
83 2637 113 2677 Vl,
124 2636 151 2667 33.
162 2643 179 2666 n.
191 2636 208 2667 5.

62 2702 92 2738 25)
102 2702 149 2732 inter
159 2702 191 2732 hos
202 2703 242 2732 octo
254 2701 275 2732 de
288 2689 402 2740 scriptoribus
417 2702 504 2732 canonicis
519 2703 575 2741 atque·
584 2700 637 2731 etiam
652 2700 710 2732 amio-

21 2761 59 2789 nem
70 2756 88 2787 et
98 2755 192 2797 Josopirum
202 2754 287 2797 Jrroaeos,
298 2755 381 2789 Senecam
392 2755 474 2789 stoicum.
