1584 2882
269 95 464 141 *ta-

25 207 118 268 docendI,
135 218 197 264 quam
214 205 281 250 adhuc
296 192 441 269 usurpaverit7
463 205 504 250 rite
525 202 711 267 concederentur]

25 287 79 335 Pieri
92 286 154 341 igItur
168 287 257 342 poterat,
271 288 293 327 ut
306 286 439 341 episcopatus
453 285 543 341 Tyrius,
553 296 592 342 quo
605 283 711 341 Paulinus,

6 410 8 414 ,
24 368 93 422 utpote
106 367 221 419 συμφωνῶν
230 359 311 416 Ἀρείῳ,
323 358 421 417 indignus
437 362 497 405 visus
507 343 553 418 elsi,
570 361 596 404 ab
613 361 711 404 orthodo-

25 444 63 498 xis,
76 443 190 495 praeeunte
204 439 325 482 Alexandro
339 439 490 492 Alexandrino,
504 439 596 494 Zenona
611 438 657 483 viro
670 449 711 481 ve-

25 516 108 564 nerabili
122 519 144 558 et
157 518 245 559 exactae
255 516 299 571 jam
312 514 398 569 aetatis,
413 516 572 571 adjudicaretur.
601 544 604 550 -
730 512 732 514 ’

76 593 172 637 Nondum
185 594 212 637 ad
225 592 286 636 finem
299 594 438 649 scrupulorum
457 594 644 649 dubitationumque
663 603 713 646 per-

26 671 130 727 venimus3
151 674 249 726 superest
266 669 331 727 enim,
348 673 381 726 ut,
399 667 636 725 historiauepiscopatus
655 667 714 719 Tyrii

26 748 71 792 iude
85 747 111 790 ah
125 759 157 790 ao.
173 743 230 788 325.
244 759 310 802 usque
324 745 351 789 ad
365 758 385 789 a.
401 744 459 789 362.
478 742 532 805 (quo
546 757 579 789 ao.
595 744 715 788 Dorotheus

27 810 150 881 hdpssopoli
164 828 242 879 martyr
255 822 324 866 factus
337 835 386 866 esse
395 820 484 881 dicitur]
497 809 608 883 diligenter
616 832 714 878 excussa,
750 815 752 817 ’
769 810 771 812 ’

26 902 141 956 uideamus,
160 913 187 942 an
204 899 311 942 Dorotheo
329 900 388 942 locus
405 900 479 955 aliquis
497 900 631 955 relinquatur.
661 897 715 940 Post

27 977 130 1020 concillum
143 975 258 1018 Nicaenuur
271 976 385 1019 Paulinum
395 976 518 1047 aliquamdiu
535 976 587 1031 Tyri
604 973 715 1028 mansisse,

27 1052 91 1096 donec
109 1051 240 1096 Antiochiam
261 1056 395 1104 evocaretur,
419 1054 463 1107 jam
484 1051 583 1111 vidimus3
600 1050 716 1107 ¹proruimus

27 1130 175 1186 episcoporum,
187 1127 255 1185 quoad
268 1128 351 1187 sciurus,
364 1132 398 1172 cst
409 1128 501 1186 Paulus,
516 1130 550 1185 qui
558 1141 591 1171 ao.
599 1126 657 1184 335,
671 1139 716 1169 cum

5 1208 7 1214 ’
28 1202 157 1247 Constantini
170 1204 267 1248 mandato
280 1203 308 1247 ad
322 1216 405 1247 causam
422 1204 536 1247 Athanasii
555 1202 716 1259 componendam

28 1282 119 1338 synodus
131 1281 182 1337 Tyri
199 1281 322 1340 haberetur,
340 1280 421 1324 insidiis
439 1281 475 1325 illa
491 1257 610 1337 malitiaque
626 1279 718 1338 intents,

27 1359 147 1412 Arsenium,
160 1358 258 1401 factionis
266 1357 393 1402 Meletiauae
402 1359 529 1416 episcopum,
543 1370 604 1415 quem
614 1344 717 1400 occidisse

28 1448 52 1479 ac
64 1436 172 1479 mutilasse
186 1435 315 1480 Athanasius
329 1435 476 1488 accusabatur,
496 1435 547 1490 Tyri
561 1435 667 1478 inventum
680 1445 718 1477 se-

28 1525 67 1569 que
81 1513 191 1555 Arsenium
204 1525 254 1555 esse
267 1516 416 1569 pernegantem
430 1508 570 1571 convictore)
596 1512 649 1555 Post
659 1511 718 1555 Pau-

28 1589 68 1632 lum
82 1588 134 1632 druos
148 1589 241 1632 novimus
256 1589 360 1632 ecclesiae
374 1589 453 1645 Tyriae
466 1588 577 1645 episcopos
595 1589 718 1631 Arianorum

28 1666 110 1710 haeresi
123 1665 216 1720 deditos„
234 1678 318 1722 quorum
332 1665 388 1721 prior
401 1669 435 1709 est
455 1664 540 1722 Vitatis,
558 1664 592 1721 qui
605 1678 636 1708 ao.
652 1663 718 1720 347„

30 1754 73 1785 cum
91 1742 176 1785 Arianis
199 1741 289 1785 Sardicai
309 1740 460 1797 Philippopolin
480 1741 595 1794 secedens,
616 1741 718 1796 epistolae

29 1819 179 1863 haereticorum
198 1815 373 1878 subscripsit³⁶)‚
394 1817 496 1875 posterior
517 1815 625 1875 thonius,
646 1812 681 1875 quui
698 1816 720 1860 in

30 1897 115 1940 concilio
133 1894 264 1944 Seteuctensi
282 1907 314 1939 ao.
335 1893 393 1938 359.
412 1895 510 1940 formulae
526 1895 607 1940 fideia
628 1895 719 1952 Georgio

30 1973 170 2018 Alexandrino
185 1977 207 2016 et
225 1973 303 2015 Acacio
322 1971 463 2016 caesareensi
481 1973 607 2030 compositae
626 1973 719 2016 subscri·
772 1982 773 1985 ’

73 2074 102 2113 34)
112 2074 203 2113 Nicephor.
214 2072 261 2115 VIII,
271 2072 298 2106 II.

71 2142 101 2179 35)
111 2141 159 2172 Ilaec
170 2140 258 2171 nonsatis
269 2140 351 2172 accurate
361 2140 417 2173 refert
427 2141 452 2174 he
463 2141 518 2181 quien
535 2140 555 2184 (1.
566 2141 579 2174 1.
590 2141 624 2175 col.
634 2139 688 2185 8115),
703 2148 720 2173 v.

31 2197 93 2234 Allien,
105 2195 147 2237 opp.
157 2196 171 2227 Ι.
182 2204 199 2236 p.
210 2194 243 2227 182
253 2195 294 2227 Bou.
315 2195 387 2237 Niceph.
397 2196 444 2238 VIII,
454 2195 481 2229 48.
492 2195 526 2229 lo„
542 2195 652 2237 'dheophunes
663 2203 681 2236 p.
692 2197 720 2230 25.

73 2263 103 2300 36)
114 2260 209 2303 „Vitatis
221 2261 338 2301 episcopus
349 2269 361 2293 a
371 2260 445 2302 Ἔγνω(
460 2261 494 2305 (he
506 2262 561 2301 Quian
578 2262 612 2294 ool.
623 2261 674 2305 805),
688 2263 721 2294 suh

31 2307 189 2356 Decreto'synodi
205 2314 317 2347 Orientalium
335 2316 380 2357 apud
401 2316 490 2350 Serdicam
507 2318 627 2357 eptscoporum
645 2326 656 2349 a
673 2318 722 2359 parte

32 2372 142 2412 arianorum,
153 2369 199 2411 quod
210 2371 295 2402 miserunt
304 2371 326 2402 ad
337 2372 415 2406 Africam
431 2372 502 2415 (Hilarii
514 2370 558 2405 Ptol.
575 2372 616 2413 opp.
632 2373 665 2405 eol.
678 2371 723 2406 1324

32 2433 55 2456 us.
66 2427 108 2457 Bcu.
118 2425 183 2457 Lathei
197 2424 271 2457 Concill.
285 2424 306 2456 ll.
322 2434 338 2467 p.
353 2426 395 2469 Ill,
410 2426 439 2470 a).
469 2426 576 2468 lutelligitur
590 2434 632 2459 vero
646 2427 723 2468 synodus
764 2420 766 2424 ’

32 2480 264 2520 pseudosardicensis,
286 2482 302 2513 h.
320 2487 335 2512 e.
358 2482 577 2522 philippopolitana
598 2481 660 2514 Ariani
676 2483 723 2514 enim

32 2538 138 2577 „monstrum
149 2535 226 2567 deforme
236 2536 319 2576 PhtIIppIe
330 2536 348 2567 in
360 2537 433 2569 Thracia
443 2537 520 2577 gentium
531 2537 602 2569 honesto
615 2537 724 2569 sardicensis

33 2591 105 2621 concilii
115 2591 184 2621 nomine
195 2589 304 2620 declararunt
314 2591 415 2632 partumque
425 2592 481 2623 matre
491 2591 569 2623 adultera
582 2592 640 2623 uatum
656 2591 724 2624 alienae

33 2645 84 2678 cruori
94 2645 182 2686 legitimae
192 2639 257 2684 injuste
267 2643 404 2683 supposuerunt‘
421 2641 507 2688 (balteus
517 2645 530 2676 1.
541 2642 568 2687 1.).
598 2646 654 2686 Quare
665 2646 724 2687 aequi-

33 2706 76 2731 voce
86 2700 162 2740 loquitur
172 2699 259 2733 Relandus
275 2697 356 2742 (Palaest.
368 2709 384 2741 p.
396 2698 455 2742 1054),
471 2703 500 2742 qui
510 2702 585 2735 Vltalcm
595 2702 670 2735 concilio
680 2703 723 2736 Sur·

34 2753 100 2787 dicensi
109 2751 231 2797 urioscripsiuso
243 2754 290 2788 dicit.
