1584 2882
301 130 495 173 -85-„

4 242 6 282 ζ
54 242 81 296 et,
95 237 114 280 si
127 237 148 280 in
159 249 183 280 eo
192 236 427 282 vindicandodesudare
435 240 541 292 vellemus,
558 240 649 296 prolecto
659 244 680 283 et
689 249 742 297 opc'-

3 318 5 366 J
55 329 96 359 ram
111 318 133 357 et
147 314 211 357 oleum
226 327 319 358 essemus
333 316 438 370 perdituri.

106 392 184 435 Verum
198 394 303 435 enimvero
314 398 423 448 syntagma
434 393 536 437 Dorothei
545 394 570 437 de
581 394 693 450 Prophetis
702 408 742 438 uon

4 494 6 500 ι
54 483 112 523 esse,
126 471 180 512 sicut
194 474 272 521 cetera,
287 482 300 512 a
313 470 414 524 Procopio
428 472 561 521 translatum,
575 472 607 512 lris
616 473 742 525 argumentis

3 559 6 592 ὲ
54 547 123 591 evinci
135 559 198 602 posse
212 547 260 589 milri
273 548 368 590 videtur:
399 545 427 606 l)
442 549 488 604 quia
504 548 614 590 Coactus
632 547 742 590 Indico-

0 613 2 616 *
52 624 181 679 plectiere,
196 617 230 679 qui
243 637 301 666 suam
311 624 460 680 Χριστιαγικὴγ
473 625 625 681 Τοπογροιφίοιγ
635 638 654 668 c.
665 623 739 666 535-

1 710 3 712 *
54 699 104 742 547
119 701 254 756 conscr·ipsit‚-
271 702 403 745 characteres
418 702 586 756 cluistologieos,
607 715 658 757 quos
674 702 742 745 Doro-

49 777 112 830 theus
132 778 256 831 singolorum
273 765 418 834 prophetarum
436 779 486 821 vitis
504 778 620 834 praemisitq
640 778 742 821 verbatim

52 853 178 911 descriptos⁷
199 854 301 897 Dorothei
315 868 389 897 nomen
404 856 480 910 silens⁷
500 857 569 910 quinto
584 856 742 911 Topogroplriae

51 930 102 974 libro
116 931 214 988 intexuit,
228 944 266 987 quo
283 932 464 988 praesupponitur,
478 945 609 987 syngramma
622 931 742 975 Dorotheo-

0 1002 4 1077 ἶ
52 1019 98 1048 num
109 1007 152 1060 jam
166 1007 244 1063 pridem
258 1022 334 1063 graece
348 1010 457 1052 exstitisse
471 1009 586 1065 publioique
598 1010 651 1063 jrrris
666 1008 741 1051 taetram

0 1079 2 1096 ¹
53 1080 148 1143 esseli]
171 1080 207 1141 P)
222 1085 269 1141 quia
284 1085 384 1141 Procopio
399 1090 495 1142 tanquam
509 1086 629 1129 translatori
639 1087 660 1129 in
671 1084 742 1142 eona,

0 1179 1 1210 ς
52 1160 119 1216 quoad
134 1174 172 1215 ego
187 1162 241 1217 seio,
259 1176 344 1217 prorsus
358 1176 399 1205 non
418 1164 541 1206 attribuitur.
572 1163 670 1217 Plerique
688 1164 741 1205 enirn

52 1233 140 1277 Codices
154 1238 238 1279 nonnisi
251 1243 384 1293 syntagmata
398 1238 424 1280 de
439 1239 498 1280 LXX
515 1239 631 1294 discipulis,
650 1239 676 1280 de
694 1238 741 1293 ily-

51 1314 142 1355 uantinis
162 1314 267 1370 episcopis
284 1318 306 1356 et
325 1314 351 1357 de
368 1314 411 1357 XII
432 1315 532 1371 apostolis
554 1316 668 1362 continent,
690 1329 742 1372 quae

50 1391 130 1447 quidem
144 1392 191 1446 ipse
204 1392 318 1448 Procopius
332 1393 353 1434 iu
370 1392 498 1453 singulorum
513 1392 601 1449 epilogis
621 1405 698 1446 graece
716 1406 741 1434 se

51 1468 208 1523 interpretatum
223 1482 272 1512 esse
289 1469 408 1528 profitetur-3
425 1473 497 1512 eontra
514 1474 625 1524 syntagma
641 1469 668 1511 de
687 1470 741 1511 Pro-

50 1545 119 1598 phetis
133 1556 232 1599 nusquam
246 1545 345 1597 singulari
360 1546 395 1586 vel
409 1545 493 1599 prologo
503 1545 538 1586 vel
547 1545 627 1600 epilogo
637 1545 741 1600 interpre-

50 1621 78 1662 tis
95 1622 215 1663 instruotum
230 1617 378 1677 repertitium)
407 1619 437 1678 3)
452 1623 498 1676 quia
510 1605 536 1662 ex
547 1621 641 1677 Procopii
651 1621 677 1665 ad
689 1636 742 1678 syn-

50 1703 119 1752 tagma
133 1699 160 1741 de
173 1698 215 1740 ΧΠ
229 1698 330 1753 apostolis
344 1698 424 1753 epilogo
429 1720 439 1755 ,ν
454 1699 474 1739 in
489 1711 528 1752 quo
543 1699 645 1752 complrua
663 1711 676 1740 a
695 1698 741 1741 lJo-

50 1776 123 1816 rotheo
146 1776 166 1815 in
190 1776 235 1826 ejus
258 1779 369 1827 ἱστορικοῖς
391 1773 537 1827 συγγράμμασι
560 1775 630 1816 itidem
657 1780 741 1817 narrata

50 1851 174 1909 rhapsodice
194 1848 325 1908 proterea),
350 1851 470 1893 necessario
493 1850 597 1907 sequitur,
620 1850 741 1907 Procopium

48 1923 90 1972 has
102 1914 172 1984 partes
187 1929 308 1985 scriptorum
322 1929 499 1972 llorotlreanorum
514 1926 580 1988 (quas
593 1942 635 1971 non
649 1929 741 1985 appellat

91 2051 121 2089 56)
132 2053 242 2084 lilontfaucon
253 2051 326 2084 Collcct.
337 2054 384 2083 Nova
395 2053 416 2083 ll.
439 2051 519 2083 Fortasse
531 2052 582 2082 etiarn
593 2053 689 2083 ceterorum
699 2059 740 2092 pro-

49 2107 147 2147 phetarum,
165 2110 193 2147 qui
204 2109 221 2139 in
233 2109 364 2148 syngrammare
376 2108 435 2139 omissi
446 2110 495 2148 Sillii,
512 2107 604 2145 descriptio
616 2107 673 2138 indole
684 2114 704 2139 ac
716 2106 741 2138 di·
776 2135 779 2137 .

49 2163 106 2193 ctione
116 2163 203 2194 simillima
215 2171 236 2194 ex
247 2163 333 2195 historicis
345 2164 427 2194 Dorollrei
437 2158 545 2202 ὑπομιὴμιιηι
556 2162 676 2206 deerunt-nest.
731 2183 732 2186 η

91 2229 121 2266 57)
132 2229 154 2261 V.
168 2229 188 2259 de
200 2227 251 2259 Oodd.
263 2229 347 2268 synopsis
359 2227 443 2261 Oodinnrn
454 2229 471 2259 et
481 2227 578 2259 Falirielum
589 2228 600 2259 l.
613 2229 625 2258 l.

90 2295 120 2331 te)
132 2294 178 2325 Cave
188 2295 200 2325 i.
211 2295 223 2326 i.
234 2302 251 2333 p.
262 2294 300 2325 169.
322 2290 397 2339 Εὕρογιεο
408 2291 425 2324 de*
437 2292 487 2334 (adde
498 2291 532 2332 nai)
543 2294 598 2324 rotro
612 2292 630 2324 ἐι
643 2295 678 2329 τοῖς
695 2292 740 2325 ἱστο-

48 2350 98 2395 ρικοῖς
109 2347 235 2392 συγγράμμασιν
245 2346 276 2380 τοῦ
286 2348 407 2394 προλεγθέιτος
420 2347 469 2380 drino
480 2345 537 2393 ἀνδρὸς
548 2346 649 2393 Δωροθέου,
665 2342 691 2380 ὅτι
705 2347 741 2380 Σο-

46 2402 80 2444 μώγ
91 2403 100 2436 ὁ
111 2404 206 2448 Κυρηναῖος
217 2401 315 2449 ἐσταυρώθη
327 2401 368 2447 ὑπὲρ
379 2404 410 2436 τοῦ
421 2404 497 2448 Χριστοῦ
508 2402 539 2445 (ei.
550 2404 618 2435 Fabric.
630 2404 649 2434 B.
661 2403 690 2435 Gr.
703 2403 739 2436 vii.

46 2468 63 2500 p.
74 2458 112 2491 453.
125 2460 160 2490 not.
172 2459 192 2492 de
205 2458 246 2491 Ood.
258 2461 375 2491 lllonlfaucon.
387 2457 488 2497 CCXXlV.)
503 2457 531 2489 καὶ
542 2453 600 2501 ὅτιπερ
608 2456 687 2503 Ἱερεμίας
698 2469 712 2489 κ.
724 2470 740 2499 τ,

46 2515 61 2545 l.
73 2513 100 2545 nai
112 2509 153 2554 (ὅτι)
165 2511 175 2555 ἦ
186 2512 264 2558 θυγάτηρ
276 2516 306 2555 τῆς
316 2512 415 2557 Ἡρωδιάδος
426 2527 440 2545 κ.
451 2525 467 2544 τ.
479 2514 493 2544 l.
510 2514 550 2552 (qna
561 2514 579 2542 in
593 2506 666 2543 historia
681 2513 740 2543 Doro-

47 2568 95 2598 tlreus
107 2574 166 2598 rursus
178 2566 288 2598 traditionem
300 2569 435 2598 ecelesiasticam
446 2569 532 2606 sequitur,
547 2575 563 2596 v.
574 2567 665 2605 Niceplror.
677 2566 696 2601 i,
710 2566 740 2597 20.

47 2623 64 2655 et
75 2629 118 2663 quae
129 2623 183 2653 refert
195 2621 281 2654 cedrenus
292 2624 304 2654 f.
316 2622 361 2662 151).
385 2623 419 2654 Pro
431 2617 499 2667 εὕρομιι
511 2621 528 2653 stt
539 2623 571 2652 etc.
583 2622 601 2652 iu
614 2620 739 2664 contionali.

46 2678 125 2710 xxiiiv.
141 2678 213 2718 legitur:
240 2676 298 2719 ἔφησεν
313 2676 331 2710 δὲ
345 2676 362 2710 ἐγ
377 2678 412 2713 τοῖς
427 2676 480 2709 αὐτοῦ
495 2674 620 2722 συγγράμμασιν
636 2675 645 2708 ὁ
660 2675 740 2716 δολωθεὶς

46 2731 88 2777 ἱερὸς
99 2731 195 2778 Δωρόθεος,
210 2728 237 2765 ὅτι
248 2732 275 2765 καὶ
286 2733 342 2773 Σὶμιιν
357 2731 366 2765 ὁ
381 2733 476 2777 Κυρηναῖος
491 2729 533 2778 ὑπὲρ
547 2729 623 2777 Χριστοῦ
637 2730 740 2776 στιιιιροθιὶς

46 2786 140 2832 ἀναιρεῖται
155 2788 218 2829 (Ouilin
229 2789 243 2820 1.
255 2796 270 2821 o.
282 2786 339 2829 1385).
366 2789 391 2820 tin
408 2790 488 2829 quantum
503 2789 569 2821 librarii
584 2788 617 2819 sibi
631 2788 743 2827 indulserint,
