1628 2882
102 204 157 235 rum
171 204 211 239 non
226 193 270 249 esto
288 203 335 232 nam
349 190 447 246 quomodo
461 190 572 247 Dorothei,
592 190 689 244 martyris
706 202 792 247 europam

106 266 210 318 ausona
224 266 306 323 adepti,
324 268 400 315 mentio
413 268 459 309 fieri
472 263 555 323 poterat
572 267 592 309 in
611 267 706 314 Historia
715 266 793 321 Domo.
808 276 809 279 ’

104 345 201 397 -sieslica
215 343 287 403 fflfli
303 342 359 401 13),
373 357 425 401 quae
439 349 519 399 tompus
533 347 628 399 paeatum
640 344 742 398 synodum
760 348 793 393 Ni.

115 430 201 470 caenam
215 404 398 475 praeeedensnon
413 419 572 473 transgreditur,
591 419 627 462 vel
640 420 661 461 iu
675 419 688 461 l.
702 419 730 468 de
743 421 794 472 Mau

115 498 196 554 tyrihus
209 497 353 550 Palaestinae,
374 497 407 553 qui
421 509 486 546 anuos
501 493 639 538 3032310
654 497 794 554 complectitur,

116 576 178 633 idque
191 575 216 618 ah
230 573 328 624 Eusebio,
343 574 376 629 qui
390 566 435 629 ipse
449 573 515 622 medio
524 573 675 632 seeuloquarto
685 574 796 627 diemsooo

116 653 196 709 pridem
204 645 305 701 obierat?
332 651 378 696 Hae
392 654 449 709 certe
462 651 484 692 in
498 663 521 697 re
534 650 604 705 inique
618 635 661 704 agit
675 648 770 699 Cavoeus
779 655 796 698 iu

117 730 244 783 Anonynrum
258 727 324 779 istum,
339 726 396 780 eujus
410 725 535 783 impudentia
549 727 604 776 huno
615 727 742 780 Dorotheum
754 739 797 777 ,eou-

118 809 187 850 ssatum
201 816 249 848 esse
263 788 340 846 eenset.
368 802 421 854 Quid
436 805 454 847 si
464 804 596 860 comprobare
605 805 679 862 possit,
693 803 798 852 Eusebium

118 885 215 939 ignorare
229 880 308 936 quidem
320 879 459 936 Dorotheum,
473 881 524 935 'Pyri
533 880 668 935 episeopum,
681 880 720 930 sed
733 879 799 928 Doro-

119 959 200 1014 theum,
221 956 255 1011 qui
275 955 361 1010 posthae
378 955 468 1005 faetus
486 961 528 999 esi
550 957 602 1012 Tyri
623 956 743 1012 episeopus,
765 957 800 1014 ipsi

119 1036 183 1078 fuisse
197 1027 338 1082 notissimum?
353 1055 379 1062 -
788 1083 790 1085 ῃ

174 1109 298 1164 Quamquam
311 1110 365 1155 enirn
378 1108 497 1158 Dorotheus
512 1110 595 1166 Tyrius,
608 1113 650 1158 turn
665 1112 709 1158 uita
719 1114 760 1158 tum
768 1124 801 1153 ae-

121 1193 165 1238 tate
179 1187 287 1242 exigente,
305 1186 368 1241 probe
383 1186 539 1241 distinguendus
554 1192 587 1230 est
601 1200 614 1235 a
627 1187 733 1237 Dorotheo
748 1187 802 1230 euhi-

122 1255 197 1314 oulario
212 1266 269 1317 (outo
281 1260 395 1318 βασιλικός)
412 1262 539 1309 Diocletiani
556 1265 590 1307 vel
608 1263 686 1314 Galerii
705 1263 803 1320 Caesaris,

123 1343 149 1386 de
163 1344 220 1395 eurjos
233 1340 330 1395 unartyrie
344 1353 365 1383 v.
379 1339 467 1387 Eusebii
477 1340 507 1391 vH.
521 1340 548 1384 Ε.
565 1341 624 1392 viii,
643 1340 666 1383 6.
686 1343 711 1384 cf.
733 1337 803 1398 1.‚1⁸)3

123 1432 136 1463 a
153 1417 259 1461 Dorotheo
276 1416 376 1472 quodam,
402 1417 437 1474 qui
454 1418 572 1472 martyrium
590 1418 647 1465 ohiir
661 1420 711 1460 suh
723 1417 803 1466 hioele-

122 1496 178 1543 tiano
192 1491 281 1552 (Cluron.
296 1492 398 1536 Pasehale
413 1508 432 1549 p.
446 1490 524 1553 277];
538 1507 551 1537 a
564 1493 678 1547 Dorotheu,
693 1496 733 1550 qui,
747 1493 804 1541 testi·

122 1574 161 1615 hus
174 1570 290 1626 Nieephoro
305 1571 369 1624 Patr,
384 1571 511 1626 Theophane
525 1572 620 1627 aliisque,
634 1573 672 1615 suh
686 1557 774 1620 Valente
783 1567 804 1613 alt

122 1649 206 1697 Arianis
219 1648 269 1696 sens
283 1648 375 1702 objectus
393 1653 427 1691 est
446 1649 599 1708 Alexandriae,
617 1663 630 1694 a
647 1650 759 1694 Dor-etheis
773 1660 805 1694 ar-

123 1724 272 1779 chimandritis,
289 1724 316 1780 de
330 1725 402 1778 qurihus
420 1724 526 1772 Palladius
544 1726 564 1773 io
584 1726 677 1773 Historia
695 1725 806 1780 bassiano,

123 1801 255 1849 aDorotheo
270 1801 362 1856 deinque
371 1802 423 1854 Tpri
438 1802 546 1857 episeopo,
564 1802 598 1856 oui
612 1814 656 1844 eum
674 1803 720 1845 aliis
740 1802 806 1847 Phoe-

123 1878 189 1921 nioiae
202 1876 316 1925 maritimae
331 1878 434 1933 episeopis
445 1891 484 1926 sao.
503 1876 562 1919 458.
580 1880 686 1934 synodicis
703 1880 770 1928 literis
783 1861 806 1924 ai

123 1955 215 1998 Leonem
233 1954 308 2009 Imper.
331 1968 368 2010 pro
391 1956 477 1999 coneilio
500 1954 666 2002 chalcedonensi
688 1953 808 2010 subscripsit

124 2031 215 2092 (Condi.
229 2033 286 2081 Toou.
301 2028 379 2090 11.1⁹]:
393 2057 420 2064 —2
434 2036 502 2080 tamen
516 2044 543 2075 ex
556 2032 643 2077 Eusehii
656 2035 750 2076 Historia
767 2031 808 2074 Ee-

125 2109 241 2151 elesiastiea
255 2108 343 2150 ooeurrit
356 2108 416 2151 nobis
429 2107 554 2151 Dorotheus
568 2110 658 2167 quidam,
672 2111 809 2167 presbyter·

125 2186 278 2240 ,drutiooheuus
292 2186 350 2240 eujus
364 2199 442 2229 summa
456 2198 481 2227 ae
494 2186 554 2241 plane
568 2188 666 2230 mirabilis
681 2191 725 2230 euru
742 2188 809 2229 nostro

126 2263 234 2305 similitudo
242 2263 517 2320 uranifestedeprehenditur
527 2264 585 2315 (vti,
592 2263 630 2307 32,
638 2258 809 2321 ιΝἰεεῃὶιοιπΟαΙΙ.

126 2339 167 2392 VI,
182 2337 236 2397 355).
263 2339 380 2396 Eusebius,
406 2345 515 2395 postquam
530 2341 636 2382 Timaeum
650 2354 662 2383 u
677 2340 754 2396 Gyrillo
768 2336 810 2393 epi·

160 2451 198 2492 Δ18)
208 2453 256 2502 Hermo
272 2460 310 2484 eum
325 2453 413 2489 Dorotheo
427 2433 482 2501 Tyrio
497 2452 574 2485 eonsirdii
588 2453 680 2495 Boionius,
699 2462 738 2499 eum
753 2449 811 2485 antio·

126 2506 185 2540 eliensi
196 2506 301 2545 Blendellus:
318 2509 336 2540 id
347 2509 391 2549 quod
402 2511 432 2541 vix
446 2509 507 2549 egebat
521 2510 574 2548 longa
587 2509 692 2547 refutatione
706 2509 772 2544 valesii
784 2501 811 2549 lad

126 2565 147 2595 Η,
158 2564 179 2594 Ε.
190 2562 227 2602 VII,
239 2561 267 2604 32]
279 2564 296 2596 et
307 2563 411 2595 Tiliementii
422 2561 522 2606 (hidruoires
533 2564 554 2595 V.
566 2571 582 2603 p.
594 2562 638 2605 185).
691 2573 694 2577 ·

169 2629 199 2667 19]
211 2627 235 2659 De
246 2630 284 2661 aliis
295 2630 396 2671 Dorotheis,
407 2630 506 2670 quuihuseum
516 2633 587 2670 propter
598 2631 668 2671 aetatis,
679 2631 715 2662 loei
726 2630 754 2665 vet
765 2628 812 2664 ellam

126 2685 217 2724 religionis
228 2683 340 2717 ‹liffereutiam
351 2686 380 2715 vix
391 2692 411 2716 ae
422 2692 444 2716 ne
454 2686 487 2718 viu,
494 2685 561 2726 quidem
572 2684 653 2717 eoufnndi
663 2685 736 2726 polerit,
753 2691 770 2713 v·
780 2678 812 2712 lia·

128 2739 177 2770 luieii
188 2738 231 2770 hihi.
242 2737 280 2769 Vol.
292 2738 330 2770 Vll.
342 2749 357 2779 p.
368 2739 406 2771 452.
417 2748 430 2770 s.
443 2737 473 2781 (ef.
483 2738 545 2782 ludio.)
557 2740 583 2772 ed.
594 2741 671 2773 nurless.
