1584 2882
270 46 464 125 ,qn-

28 193 106 240 nillima
123 195 162 234 est·
173 192 309 247 Philostorgii
324 193 410 249 relatio,
427 191 538 234 secundum
556 203 615 248 quam
633 191 717 236 Eusta-

28 272 90 323 thius,
112 267 144 310 vir
163 269 301 326 orthodoxus,
323 283 356 312 aot
376 267 426 312 327
446 268 472 312 ab
489 268 575 310 Arianis
593 269 713 326 episcopatu

29 345 154 390 Antiocheno
168 346 268 401 depulsus
282 352 316 388 est
324 349 409 401 ejusque
418 354 529 387 successor
536 346 641 402 Paulinus,
655 359 713 401 quern

29 423 89 467 Arius
103 434 154 466 suae
170 424 287 466 sententiae
301 426 408 479 patronum
420 434 462 466 non
475 423 548 477 injuria
558 423 663 479 Jactalrat,
677 435 719 479 per

29 513 64 544 sex
84 501 222 543 tantummodo
240 513 323 543 meuses
341 514 425 545 munere
442 502 532 554 iunctus,
553 499 597 542 vita
615 501 714 556 excessit,

29 591 58 622 ao.
73 574 172 632 328.²⁸]
200 578 304 621 Paulinus
316 579 377 633 igitur
396 579 505 634 episcopus
524 578 577 634 Tyri
593 578 631 621 fuit
648 589 714 633 usque

28 655 52 699 ad
65 667 84 696 a.
100 653 157 706 325,
176 668 261 710 eumque
272 656 318 709 jam
328 655 405 711 aliquot
418 668 484 698 annos
498 657 547 698 ante
562 653 618 697 315.Ὶ
637 657 658 697 in
676 656 715 697 hu-

26 733 57 785 jus
71 730 178 784 dignitatis
192 732 257 785 gradu
270 733 359 774 locatum
373 743 428 781 esse,
443 732 575 785 consequitur
588 742 616 774 ex
626 732 714 776 illoPa-

29 804 129 863 negyriooj
141 807 270 860 Eusebiauo,
293 809 317 850 iu
333 820 372 864 quo
391 807 466 850 dicitur
483 810 543 863 πείρᾳ
562 809 598 849 καὶ
618 793 715 866 χρόνον

28 889 102 939 μήκει
117 885 205 927 ἕκαστον
223 883 371 943 [membrorum
388 885 491 927 eeclesiae
513 881 604 942 Tyriae]
626 884 715 943 ἀκριβῶς

29 959 137 1012 egerardi:
162 974 214 1017 quae
227 963 308 1016 quidem
321 963 342 1003 in
356 963 449 1003 oratione
463 962 534 1003 verlris
549 963 716 1015 superlatisve-

28 1037 716 1094 ritatemqueexsuperantilrus-scatentenonpr'emeudapropterea

29 1118 82 1171 puto,
89 1115 144 1170 quia,
152 1116 233 1157 etiamsi
241 1115 339 1157 Paulinus
348 1115 417 1157 statim
422 1114 593 1169 postmartyrium
598 1115 715 1169 Tyrannio·
769 1110 771 1112 ’

28 1192 59 1232 nis
73 1190 184 1233 Antiochia
198 1178 435 1245 Tyr-umxcoueessissei,
449 1190 562 1244 superlatio
570 1191 670 1244 quaedam
680 1204 716 1233 re·
779 1183 781 1185 ¹

29 1265 169 1324 maneretffl)
203 1263 301 1321 Cogimur
318 1279 369 1309 vero
387 1267 414 1308 ad
431 1266 561 1316 interuallum
579 1269 637 1308 certe
654 1267 716 1308 bienii

28 1344 81 1386 inter
95 1344 248 1400 Tyrannionem
262 1348 285 1386 et
298 1343 404 1387 Paulinum
419 1342 544 1398 ponendum,
563 1343 681 1385 nonsolnm
694 1346 717 1384 nt

29 1421 166 1475 Dorotheum,
184 1422 223 1465 sed
237 1422 300 1464 etiam
314 1426 336 1463 ut
350 1421 487 1473 cleriorum,
505 1432 565 1475 quem
578 1420 719 1475 Hieronymus-

29 1502 132 1554 postremo
145 1500 197 1555 Tyri
207 1494 325 1554 episcopum
334 1498 398 1539 fuisse
408 1500 481 1553 aperte
490 1500 585 1553 testatur,
598 1497 717 1550 interjicere

29 1576 136 1630 possimus.
155 1573 194 1616 -Et
207 1574 275 1628 quidni
279 1605 286 1631 ,
300 1576 425 1631 quueso,in
440 1574 579 1629 Tyrannionis
593 1572 717 1615 Antiochiae

29 1653 97 1696 necati
110 1652 176 1695 locuni
190 1651 314 1697 Dorotheus
327 1651 477 1704 Antiochenus,
491 1650 559 1705 baphii
574 1650 634 1705 Tyrii
642 1662 717 1705 procu-

29 1725 95 1785 rator,
109 1730 176 1772 suffici
189 1732 282 1785 poterat,
299 1728 445 1783 persecutione
460 1726 583 1769 [diocletiani
597 1727 664 1768 adhuc
678 1727 718 1768 du-

29 1811 97 1863 rante,
116 1800 185 1862 quidni
199 1805 267 1862 paullo
281 1809 329 1861 post
343 1806 484 1861 episcopatum
498 1807 617 1859 susceptum
634 1803 718 1862 expelli,

30 1881 169 1940 Odyssopolin
184 1883 262 1926 deterri
276 1887 307 1941 et,
324 1882 404 1925 Licinio
418 1883 583 1938 persecutionem
597 1884 719 1939 renovante,

30 1961 145 2018 prohiberi,
172 1962 278 2018 quominus
298 1960 325 2003 ad
343 1960 453 2003 ecelesiam
476 1972 532 2001 suam
551 1971 575 2001 se
598 1953 718 2015 reciperet?

30 2038 105 2089 ouium
119 2037 242 2081 Metdodtus
256 2037 363 2080 Dorotlreo
377 2037 503 2092 succedens,
517 2036 557 2092 qui,
571 2040 627 2079 teste
641 2037 718 2079 Hiero-

30 2128 99 2172 nymo,
111 2114 137 2158 od
152 2119 265 2158 extremum
279 2114 406 2157 novissimae
414 2113 565 2169 persecutionis
573 2113 670 2169 martyrio
680 2125 719 2156 co-

29 2197 113 2236 ronatus
128 2197 168 2250 est,
181 2194 230 2235 ilem
243 2192 290 2234 loeo
304 2204 351 2232 mox
365 2190 427 2244 dejici
440 2196 462 2232 et
476 2191 496 2232 in
507 2188 607 2232 Chalcide
618 2191 720 2233 Graeciae

30 2283 42 2313 a
56 2270 223 2332 persecutoribus
237 2268 364 2325 deprehendi
377 2261 517 2326 poteratis]
545 2267 590 2309 Hoc
603 2267 666 2315 miros
679 2280 720 2310 non

73 2383 102 2422 28)
114 2383 165 2415 Errat
175 2383 201 2414 Lc
212 2383 267 2421 Quien
284 2379 352 2422 (oriens
364 2379 427 2412 christ.
441 2380 463 2411 ll.
479 2380 513 2412 col.
521 2379 573 2422 708),
587 2379 616 2419 qui
631 2379 720 2410 Paulinum

30 2437 131 2478 Pluiogonm
141 2438 246 2470 successisse
257 2439 325 2476 censct3
336 2438 409 2486 namque
421 2436 439 2467 et
449 2434 531 2467 Paulinus
546 2436 564 2466 et
578 2434 678 2466 Euslallrius
692 2435 720 2465 in-

31 2494 107 2526 tererant
117 2493 185 2533 synodo
196 2493 287 2532 Nicaeum,
299 2492 322 2522 cf.
335 2492 416 2532 liutpoldi
428 2490 504 2522 Annales
516 2488 541 2520 ed.
553 2489 594 2520 Poe.
605 2497 622 2528 p.
633 2489 670 2521 433.
682 2488 720 2521 445.

73 2560 104 2597 29)
116 2560 221 2601 hyperbolis
232 2559 301 2590 Eusebii
312 2564 365 2588 novas
376 2556 422 2588 addit
435 2557 550 2597 nicephorus,
565 2562 576 2585 a
591 2562 625 2594 quo
639 2556 720 2587 Paulinus

31 2616 137 2654 nuncupatur
148 2613 190 2654 ἀμφὶ
200 2612 220 2645 τὸ
232 2612 310 2645 Φοινίκων
321 2610 372 2649 ἔθνος
383 2611 487 2657 διαπρέπων,
499 2605 531 2652 (ὅς)
541 2607 634 2647 πολλοὺς
645 2609 662 2643 ἐν
673 2608 721 2655 Τύρῳ

31 2666 68 2707 νεὼς
79 2667 166 2708 φιλοτίμως
177 2665 303 2699 &nectendam

74 2735 103 2774 ³0)
114 2734 136 2768 V.
147 2734 212 2768 Leonis
223 2732 288 2767 Atlotii
299 2732 320 2765 de
328 2731 456 2765 iltellrodiorum
466 2732 535 2773 scriptis
546 2730 647 2763 Distribam.
