1584 2882
280 103 475 149 *gp-„¹

37 220 73 263 uuio
86 215 206 272 Hpolppraio
220 214 313 269 quisnam
328 215 367 269 sit,
384 226 425 257 non
439 216 533 271 constat,
554 225 593 257 nec
607 197 725 267 magni're-

36 297 80 340 tert.
114 290 198 336 Summa
215 291 277 346 igitur
295 292 389 348 quaestio
408 291 461 334 llaec
479 295 524 349 est,
541 295 609 334 utrum
626 292 661 336 hic
678 294 725 350 ipse

36 375 85 418 liber
99 371 125 412 de
140 370 246 426 prophetis
260 368 373 424 Epiplranii
387 369 415 409 sii
429 380 456 409 an
475 369 587 424 cujuspiam
606 369 724 426 Pseudcpi·

36 446 158 507 pleniluni
172 447 207 487 vel
221 447 267 500 ipse
281 446 336 487 illum
350 457 375 487 se
389 458 437 487 esse
451 445 535 486 finxerit
548 447 583 488 vel
598 450 654 488 totus
663 448 724 490 fictus
775 427 777 435 ί

36 527 61 571 sit
74 539 87 569 a
98 525 193 567 librariis.
528 562 530 565 .

87 600 152 654 Quam
166 601 193 644 ad
207 600 348 658 quaestionem
362 602 420 641 recte
433 600 555 655 responderi
573 602 653 657 nequit,
675 604 724 659 quin

35 679 89 736 prius
103 678 278 733 Pseudepiplranii
290 691 340 719 eum,
349 676 537 719 Psenmau-olleo
551 684 649 721 accurata
658 682 723 723 oolla-

4 798 8 809 )
34 757 61 800 tio
74 755 193 795 instituatur
207 754 357 807 diligenterque
371 746 496 809 exquiratur,
510 765 609 807 qrracnam
623 755 724 799 intereo·
770 758 772 760 ’

34 844 76 875 rum
89 829 116 872 de
131 828 237 886 prophetis
251 814 350 885 opuscula
363 829 416 870 ratio
430 829 553 873 intercedat.
581 831 642 874 Hanc
659 834 743 883 oolla-

0 917 1 920 ’
35 909 120 963 tionem,
133 907 208 949 iterata
222 907 306 962 saepius
320 906 409 948 lectione
423 908 585 963 ponderatisque
598 910 635 951 uei
648 912 723 966 singn-

34 985 59 1026 lis
80 984 185 1037 utrinsque
204 984 321 1039 vocabulis7
344 979 424 1024 institui
441 987 463 1025 ct
481 985 533 1025 haee
555 986 626 1026 inveni
648 989 722 1042 partim

35 1061 135 1110 amborum
150 1060 261 1102 communia
275 1060 350 1114 partim
363 1060 482 1102 alterutrius
491 1056 614 1116 singularia:
636 1061 665 1123 1]
674 1063 724 1108 Dii-

34 1137 72 1180 ieri
94 1150 162 1180 eorum
183 1138 325 1192 opusculorum
345 1136 509 1192 propositum
529 1149 554 1181 ac
573 1140 658 1194 proinde
677 1155 725 1185 aru-

35 1215 100 1258 bitus:
118 1227 165 1257 narn
178 1214 403 1257 Dorothei'oousilium
421 1215 483 1256 latius
500 1220 571 1271 patet,
590 1229 649 1272 quam
668 1218 722 1276 Epi-

34 1292 115 1350 phauii·⁷
142 1293 189 1332 ille
211 1292 269 1334 uitae
291 1292 450 1346 uniosoujusque
473 1292 588 1347 prophetae
610 1296 724 1349 praemittit

34 1368 205 1410 adumbrationem
219 1367 346 1411 characteris
360 1369 416 1425 ejus,
434 1371 457 1410 ut
474 1369 504 1409 ita
520 1369 593 1427 dicam,
610 1369 729 1415 christum-¹

33 1442 120 1503 guill),
134 1446 227 1489 oratioue
241 1445 294 1489 salis
308 1444 375 1500 ampla
389 1450 516 1500 conceptam,
529 1448 561 1489 cui
576 1449 722 1505 quasiappen-

34 1522 84 1564 allois
98 1524 143 1565 loco
157 1524 221 1564 vitam
235 1523 345 1579 subnectit,
359 1522 399 1563 hic
412 1522 433 1562 iu
448 1523 498 1563 solis
515 1523 563 1564 vitis
578 1525 722 1581 prophetarum

34 1600 154 1643 enarrandis
168 1602 269 1641 versatum
298 1594 328 1656 2]
343 1598 418 1640 Differt
435 1612 556 1642 numerus
570 1603 722 1662 prophetarum,

34 1677 59 1721 de
73 1678 146 1734 quibus
161 1681 234 1731 agunt:
251 1689 297 1718 nam
311 1674 386 1731 Epiph.
401 1677 444 1730 agit
458 1675 484 1718 de
498 1676 560 1719 xxm
574 1679 680 1734 prophetis
694 1682 720 1722 V.

33 1755 58 1797 Τ.
73 1759 95 1799 ei
108 1754 140 1797 111
153 1756 181 1797 N.
196 1755 221 1797 Τ.
236 1752 271 1812 [in
285 1753 404 1807 compendio
416 1753 493 1796 inedito
503 1755 628 1798 solummodo
638 1757 723 1801 aexvl

33 1924 119 1963 excerpsit
129 1921 158 1954 Jo.
170 1922 294 1954 Dcnurmcaouc.
316 1922 373 1959 Quare
383 1921 487 1965 Dumnsoeui
500 1922 545 1955 liber
559 1924 577 1955 in
593 1923 635 1955 con.
650 1925 722 1957 vindob.

32 1978 131 2011 inscribitur
143 1977 177 2010 Tor]
187 1975 269 2021 μακαρίου
279 1974 377 2013 Ἐσισσιιίου
390 1973 492 2009 Ἐιιισσίπσιι
506 1976 579 2022 Κίιιρσυ
594 1976 668 2021 διήγησις
682 1978 723 2012 σίσ-

31 2044 82 2072 τυμσς
92 2045 106 2064 a.
119 2045 134 2064 τ.
146 2034 160 2064 λι

74 2100 104 2138 52)
115 2096 203 2139 Ejusrunrli
214 2095 328 2133 imernalium
337 2098 421 2129 lilrrorum
433 2098 569 2137 propheticorum
580 2099 632 2131 etiam
645 2102 723 2140 peculia-

33 2154 79 2185 ribus
90 2153 153 2185 libellis
165 2151 285 2191 comprehendi
296 2151 378 2182 solebant.
400 2152 447 2182 mous
459 2155 485 2183 est
495 2153 608 2195 Eusebianos,
620 2163 669 2195 quem
678 2155 723 2188 (lirr-

32 2210 87 2240 terius
98 2207 152 2239 edidit
162 2210 180 2240 et
190 2215 240 2248 quem
251 2207 360 2247 Athanasius,
371 2208 399 2247 qui
409 2206 481 2247 dieitur,
492 2212 553 2239 auotor
563 2208 652 2246 Σσιόψεσς
662 2210 722 2242 ἐπιτό-

32 2273 65 2301 μσσ
75 2264 105 2304 τῆς
115 2261 165 2299 ’θείας
175 2260 243 2307 γραφῆς,
255 2263 307 2294 rotun
319 2262 359 2293 huic
370 2263 403 2301 ipsi
414 2263 496 2302 intexuit3
512 2263 553 2293 tulis
568 2263 646 2300 Epistola
660 2265 723 2296 Hiero-

32 2319 80 2355 nymi
91 2318 112 2347 ad
123 2318 212 2347 Paulinum
224 2316 347 2354 Presbyterum
358 2316 379 2346 de
391 2318 467 2347 omuibus
484 2317 552 2348 divinae
567 2318 651 2349 historiae
668 2319 722 2350 libris,

32 2372 52 2403 Si
62 2373 99 2413 quiin
111 2380 152 2403 vero
164 2373 270 2413 suspicetur,
287 2371 391 2402 Dorotheum
407 2367 456 2411 liujus
473 2371 526 2402 solius
541 2372 676 2405 adrrmbrattours
691 2383 722 2406 au-

31 2433 97 2458 ctorem
115 2434 162 2467 esse,
180 2435 213 2457 nou
230 2428 311 2457 vitarum:
334 2427 390 2457 obstat
406 2426 488 2458 ursei-uun
504 2426 584 2466 Procopii
602 2430 722 2471 testimouium,

32 2481 125 2513 secularium
137 2482 180 2522 qlrod
191 2483 289 2514 Dorotheus
301 2482 351 2512 etiam
364 2479 455 2526 ἱστόρησεν,
467 2480 510 2513 ἔνθα
522 2480 531 2512 ὁ
542 2484 601 2518 caeeis
611 2482 643 2514 τίιν
657 2496 723 2529 προση-

31 2537 64 2567 zuo
74 2535 104 2566 τὸν
114 2537 149 2575 βίον
161 2536 232 2567 ἐτέλεσεν
243 2537 296 2576 (cave
303 2537 314 2566 l.
323 2537 335 2565 1.
347 2545 363 2574 p.
370 2534 408 2573 164)
419 2536 447 2565 καί
458 2531 516 2577 ὅτιπερ
522 2535 600 2578 Ἱερεμίας
607 2535 659 2581 ἱερεὺς
666 2537 688 2568 u'r'v
694 2539 723 2570 nal

31 2588 116 2633 προφήτης
127 2589 169 2632 θείῳ
180 2588 262 2628 πνεύματι
273 2584 392 2633 προθειιρήσσις
406 2587 434 2620 καί
448 2589 478 2630 τῆς
490 2587 596 2633 Ἰερουσαλὴμ
611 2589 724 2630 αἰχμαλωσίαν

31 2641 73 2683 μετὰ
84 2643 114 2686 τὴν
124 2642 201 2686 τελευτὴν
211 2642 274 2674 Ἰωσίου
285 2644 315 2675 τού
326 2643 403 2683 βασιλέως
413 2640 504 2684 Ἰουδαίας,
515 2640 557 2688 ᾄσας
567 2641 598 2686 τὴν
609 2642 669 2688 σκηνὴν
679 2645 723 2676 Mm-

32 2696 90 2742 σαϊκὴι
100 2698 128 2731 καί
138 2697 169 2742 τὴν
179 2697 247 2740 κιβωτὸν
257 2698 287 2740 τῆς
299 2695 380 2739 διαθήκης
391 2711 405 2729 κ.
416 2709 432 2728 τ.
443 2697 458 2729 ί.
481 2696 534 2739 (Cave
544 2708 561 2739 p.
572 2699 604 2731 169
614 2698 643 2742 m),
654 2702 723 2741 uiribus-

27 2761 70 2801 eum
81 2753 105 2785 ol.
115 2755 168 2786 vllam
178 2752 265 2786 letemiue
277 2751 317 2785 Cirr.
328 2753 389 2785 Paselr.
400 2761 417 2793 p.
428 2753 467 2785 157.

583 2821 595 2856 t
