<?xml version="1.0" encoding="UTF-8"?>
<!DOCTYPE html PUBLIC "-//W3C//DTD XHTML 1.0 Transitional//EN"
    "http://www.w3.org/TR/xhtml1/DTD/xhtml1-transitional.dtd">
<html xmlns="http://www.w3.org/1999/xhtml" xml:lang="en" lang="en">
 <head>
  <title>
</title>
<meta http-equiv="Content-Type" content="text/html;charset=utf-8" />
  <meta name='ocr-system' content='tesseract 3.04.00' />
  <meta name='ocr-capabilities' content='ocr_page ocr_carea ocr_par ocr_line ocrx_word'/>
</head>
<body>
  <div class='ocr_page' id='page_1' title='image "./MN41912ucmf_8_0106.png"; bbox 0 0 1628 2882; ppageno 0'>
   <div class='ocr_carea' id='block_1_1' title="bbox 326 73 520 118">
    <p class='ocr_par' dir='ltr' id='par_1_1' title="bbox 326 73 520 118">
     <span class='ocr_line' id='line_1_1' title="bbox 326 73 520 118; baseline -0.005 -13"><span class='ocrx_word' id='word_1_1' title='bbox 326 73 520 118; x_wconf 36' lang='lat' dir='ltr'><strong>*gp-</strong></span> 
     </span>
    </p>
   </div>
   <div class='ocr_carea' id='block_1_2' title="bbox 78 174 814 482">
    <p class='ocr_par' dir='ltr' id='par_1_2' title="bbox 78 170 814 481">
     <span class='ocr_line' id='line_1_2' title="bbox 78 174 766 239; baseline 0.001 -15"><span class='ocrx_word' id='word_1_2' title='bbox 78 183 194 237; x_wconf 74' lang='grc' dir='ltr'><strong>ρωμαῑκάς)</strong></span> <span class='ocrx_word' id='word_1_3' title='bbox 214 186 250 228; x_wconf 85' lang='lat' dir='ltr'><strong>uel</strong></span> <span class='ocrx_word' id='word_1_4' title='bbox 263 185 342 239; x_wconf 81' lang='lat' dir='ltr'><strong>plane</strong></span> <span class='ocrx_word' id='word_1_5' title='bbox 355 195 405 225; x_wconf 90' lang='lat' dir='ltr'><strong>non</strong></span> <span class='ocrx_word' id='word_1_6' title='bbox 422 184 457 225; x_wconf 91' lang='lat' dir='ltr'><strong>vel</strong></span> <span class='ocrx_word' id='word_1_7' title='bbox 474 174 584 224; x_wconf 83' lang='lat' dir='ltr'><strong>nondum</strong></span> <span class='ocrx_word' id='word_1_8' title='bbox 602 184 652 223; x_wconf 88' lang='lat' dir='ltr'><strong>tum</strong></span> <span class='ocrx_word' id='word_1_9' title='bbox 672 183 766 225; x_wconf 83' lang='lat' dir='ltr'><strong>transtu·</strong></span> 
     </span>
     <span class='ocr_line' id='line_1_3' title="bbox 78 250 810 315; baseline -0.004 -15"><span class='ocrx_word' id='word_1_10' title='bbox 78 259 138 302; x_wconf 85' lang='lat' dir='ltr'><strong>iisse.</strong></span> <span class='ocrx_word' id='word_1_11' title='bbox 158 260 219 304; x_wconf 84' lang='lat' dir='ltr'>Prius</span> <span class='ocrx_word' id='word_1_12' title='bbox 228 264 302 312; x_wconf 86' lang='lat' dir='ltr'><strong>auteur,</strong></span> <span class='ocrx_word' id='word_1_13' title='bbox 317 261 415 303; x_wconf 83' lang='lat' dir='ltr'><strong>assumtis</strong></span> <span class='ocrx_word' id='word_1_14' title='bbox 425 260 551 315; x_wconf 78' lang='lat' dir='ltr'>argumentis</span> <span class='ocrx_word' id='word_1_15' title='bbox 560 257 668 313; x_wconf 78' lang='lat' dir='ltr'><strong>prioribus,</strong></span> <span class='ocrx_word' id='word_1_16' title='bbox 680 262 713 300; x_wconf 88' lang='lat' dir='ltr'><strong>est</strong></span> <span class='ocrx_word' id='word_1_17' title='bbox 720 272 767 315; x_wconf 86' lang='lat' dir='ltr'><strong>pro.</strong></span> <span class='ocrx_word' id='word_1_18' title='bbox 808 250 810 252; x_wconf 56' lang='grc'><strong><em>’</em></strong></span> 
     </span>
     <span class='ocr_line' id='line_1_4' title="bbox 79 327 811 394; baseline -0.003 -15"><span class='ocrx_word' id='word_1_19' title='bbox 79 336 175 380; x_wconf 78' lang='lat' dir='ltr'><strong>habilius</strong></span> <span class='ocrx_word' id='word_1_20' title='bbox 204 336 363 394; x_wconf 76' lang='lat' dir='ltr'><strong>Supponendunr</strong></span> <span class='ocrx_word' id='word_1_21' title='bbox 377 341 410 381; x_wconf 89' lang='lat' dir='ltr'><strong>cst</strong></span> <span class='ocrx_word' id='word_1_22' title='bbox 426 351 454 392; x_wconf 67' lang='lat'><strong>101</strong></span> <span class='ocrx_word' id='word_1_23' title='bbox 456 341 488 378; x_wconf 89' lang='lat' dir='ltr'><strong>ur</strong></span> <span class='ocrx_word' id='word_1_24' title='bbox 506 333 615 394; x_wconf 85' lang='lat' dir='ltr'><strong>(donece</strong></span> <span class='ocrx_word' id='word_1_25' title='bbox 636 332 701 393; x_wconf 80' lang='lat' dir='ltr'><strong>Codd.</strong></span> <span class='ocrx_word' id='word_1_26' title='bbox 719 349 768 382; x_wconf 89' lang='lat' dir='ltr'><strong>con·</strong></span> <span class='ocrx_word' id='word_1_27' title='bbox 809 327 811 377; x_wconf 61' lang='lat'><em>}</em></span> 
     </span>
     <span class='ocr_line' id='line_1_5' title="bbox 80 406 814 482; baseline 0.003 -27"><span class='ocrx_word' id='word_1_28' title='bbox 80 415 166 456; x_wconf 77' lang='lat' dir='ltr'><strong>tranium</strong></span> <span class='ocrx_word' id='word_1_29' title='bbox 176 417 254 469; x_wconf 85' lang='lat' dir='ltr'><strong>prtohe</strong></span> <span class='ocrx_word' id='word_1_30' title='bbox 255 412 303 472; x_wconf 80' lang='lat' dir='ltr'><strong>ur)</strong></span> <span class='ocrx_word' id='word_1_31' title='bbox 320 429 394 470; x_wconf 83' lang='lat' dir='ltr'><strong>syu</strong></span> <span class='ocrx_word' id='word_1_32' title='bbox 360 419 427 454; x_wconf 70' lang='lat' dir='ltr'><strong>tunna</strong></span> <span class='ocrx_word' id='word_1_33' title='bbox 441 413 468 455; x_wconf 93' lang='lat' dir='ltr'><strong>de</strong></span> <span class='ocrx_word' id='word_1_34' title='bbox 480 413 509 454; x_wconf 89' lang='lat' dir='ltr'><strong>Pr</strong></span> <span class='ocrx_word' id='word_1_35' title='bbox 511 412 579 466; x_wconf 91' lang='lat' dir='ltr'><strong>ophe</strong></span> <span class='ocrx_word' id='word_1_36' title='bbox 573 424 592 453; x_wconf 84' lang='lat' dir='ltr'><strong>rs</strong></span> <span class='ocrx_word' id='word_1_37' title='bbox 606 423 646 453; x_wconf 90' lang='lat' dir='ltr'><strong>non</strong></span> <span class='ocrx_word' id='word_1_38' title='bbox 666 411 768 482; x_wconf 84' lang='lat' dir='ltr'><strong>pertinere</strong></span> <span class='ocrx_word' id='word_1_39' title='bbox 811 406 814 481; x_wconf 68' lang='lat' dir='ltr'>j</span> 
     </span>
    </p>
   </div>
   <div class='ocr_carea' id='block_1_3' title="bbox 80 486 814 2456">
    <p class='ocr_par' dir='ltr' id='par_1_3' title="bbox 80 486 814 1157">
     <span class='ocr_line' id='line_1_6' title="bbox 80 486 814 546; baseline -0.001 -13"><span class='ocrx_word' id='word_1_40' title='bbox 80 490 108 532; x_wconf 77' lang='lat' dir='ltr'><strong>ad</strong></span> <span class='ocrx_word' id='word_1_41' title='bbox 123 505 275 546; x_wconf 74' lang='lat' dir='ltr'><strong>ovyypopporo</strong></span> <span class='ocrx_word' id='word_1_42' title='bbox 288 487 390 545; x_wconf 72' lang='grc' dir='ltr'><em>ῥωμαῖκὰ,</em></span> <span class='ocrx_word' id='word_1_43' title='bbox 405 487 443 531; x_wconf 87' lang='lat' dir='ltr'><strong>sed</strong></span> <span class='ocrx_word' id='word_1_44' title='bbox 457 488 482 531; x_wconf 86' lang='lat' dir='ltr'><strong>ad</strong></span> <span class='ocrx_word' id='word_1_45' title='bbox 497 486 605 539; x_wconf 60' lang='lat' dir='ltr'><strong>diturum</strong></span> <span class='ocrx_word' id='word_1_46' title='bbox 618 491 704 545; x_wconf 84' lang='lat' dir='ltr'><strong>utraque</strong></span> <span class='ocrx_word' id='word_1_47' title='bbox 719 492 770 535; x_wconf 85' lang='lat' dir='ltr'><strong>eninr</strong></span> <span class='ocrx_word' id='word_1_48' title='bbox 812 501 814 541; x_wconf 75' lang='grc' dir='ltr'>ξ</span> 
     </span>
     <span class='ocr_line' id='line_1_7' title="bbox 81 543 770 623; baseline 0 -15"><span class='ocrx_word' id='word_1_49' title='bbox 81 566 182 622; x_wconf 64' lang='lat' dir='ltr'><strong>linguat</strong></span> <span class='ocrx_word' id='word_1_50' title='bbox 183 572 229 611; x_wconf 86' lang='lat' dir='ltr'><strong>este</strong></span> <span class='ocrx_word' id='word_1_51' title='bbox 243 566 350 623; x_wconf 73' lang='lat' dir='ltr'><strong>Procopio,</strong></span> <span class='ocrx_word' id='word_1_52' title='bbox 364 566 520 608; x_wconf 71' lang='lat' dir='ltr'><strong>commentarios</strong></span> <span class='ocrx_word' id='word_1_53' title='bbox 533 565 575 606; x_wconf 88' lang='lat' dir='ltr'><strong>hist</strong></span> <span class='ocrx_word' id='word_1_54' title='bbox 577 543 711 608; x_wconf 63' lang='lat' dir='ltr'><strong>oiieosr</strong></span> <span class='ocrx_word' id='word_1_55' title='bbox 651 577 711 621; x_wconf 85' lang='lat' dir='ltr'><strong>comp</strong></span> <span class='ocrx_word' id='word_1_56' title='bbox 713 569 770 611; x_wconf 86' lang='lat' dir='ltr'><strong>osuit</strong></span> 
     </span>
     <span class='ocr_line' id='line_1_8' title="bbox 82 641 770 698; baseline 0.001 -13"><span class='ocrx_word' id='word_1_57' title='bbox 82 643 130 686; x_wconf 88' lang='lat' dir='ltr'><strong>Hoc</strong></span> <span class='ocrx_word' id='word_1_58' title='bbox 144 643 170 687; x_wconf 89' lang='lat' dir='ltr'><strong>de</strong></span> <span class='ocrx_word' id='word_1_59' title='bbox 184 644 295 698; x_wconf 81' lang='lat' dir='ltr'><strong>Prophetis</strong></span> <span class='ocrx_word' id='word_1_60' title='bbox 309 642 433 698; x_wconf 77' lang='lat' dir='ltr'><strong>Syntagura,</strong></span> <span class='ocrx_word' id='word_1_61' title='bbox 452 642 516 697; x_wconf 77' lang='lat' dir='ltr'><strong>quod,</strong></span> <span class='ocrx_word' id='word_1_62' title='bbox 535 641 553 682; x_wconf 88' lang='lat' dir='ltr'><strong>si</strong></span> <span class='ocrx_word' id='word_1_63' title='bbox 571 642 629 683; x_wconf 89' lang='lat' dir='ltr'><strong>modo</strong></span> <span class='ocrx_word' id='word_1_64' title='bbox 645 644 770 696; x_wconf 74' lang='lat' dir='ltr'><strong>,prooemium</strong></span> 
     </span>
     <span class='ocr_line' id='line_1_9' title="bbox 83 717 771 774; baseline 0.003 -13"><span class='ocrx_word' id='word_1_65' title='bbox 83 721 165 761; x_wconf 87' lang='lat' dir='ltr'><strong>minime</strong></span> <span class='ocrx_word' id='word_1_66' title='bbox 178 719 314 774; x_wconf 81' lang='lat' dir='ltr'><strong>spernendum</strong></span> <span class='ocrx_word' id='word_1_67' title='bbox 328 719 355 761; x_wconf 92' lang='lat' dir='ltr'><strong>ad</strong></span> <span class='ocrx_word' id='word_1_68' title='bbox 368 719 399 762; x_wconf 85' lang='lat' dir='ltr'><strong>lv</strong></span> <span class='ocrx_word' id='word_1_69' title='bbox 417 730 502 774; x_wconf 81' lang='lat' dir='ltr'><strong>magnos</strong></span> <span class='ocrx_word' id='word_1_70' title='bbox 519 717 633 774; x_wconf 82' lang='lat' dir='ltr'><strong>prophetas</strong></span> <span class='ocrx_word' id='word_1_71' title='bbox 651 718 771 772; x_wconf 65' lang='lat' dir='ltr'><strong>considera7</strong></span> 
     </span>
     <span class='ocr_line' id='line_1_10' title="bbox 84 795 772 853; baseline -0.001 -13"><span class='ocrx_word' id='word_1_72' title='bbox 84 798 153 853; x_wconf 78' lang='lat' dir='ltr'><strong>veris,</strong></span> <span class='ocrx_word' id='word_1_73' title='bbox 167 795 272 839; x_wconf 81' lang='lat' dir='ltr'><strong>Dorotheo</strong></span> <span class='ocrx_word' id='word_1_74' title='bbox 287 797 350 851; x_wconf 80' lang='lat' dir='ltr'><strong>Tyrio</strong></span> <span class='ocrx_word' id='word_1_75' title='bbox 364 808 414 850; x_wconf 84' lang='lat' dir='ltr'><strong>prae</strong></span> <span class='ocrx_word' id='word_1_76' title='bbox 429 795 505 837; x_wconf 89' lang='lat' dir='ltr'><strong>ceteris</strong></span> <span class='ocrx_word' id='word_1_77' title='bbox 520 796 601 850; x_wconf 81' lang='lat' dir='ltr'><strong>dignum</strong></span> <span class='ocrx_word' id='word_1_78' title='bbox 615 795 772 847; x_wconf 68' lang='lat' dir='ltr'><strong>concedesne}</strong></span> 
     </span>
     <span class='ocr_line' id='line_1_11' title="bbox 84 863 772 929; baseline 0.001 -14"><span class='ocrx_word' id='word_1_79' title='bbox 84 875 132 929; x_wconf 90' lang='lat' dir='ltr'><strong>ipse</strong></span> <span class='ocrx_word' id='word_1_80' title='bbox 146 873 258 929; x_wconf 79' lang='lat' dir='ltr'><strong>Procopius</strong></span> <span class='ocrx_word' id='word_1_81' title='bbox 272 873 347 915; x_wconf 86' lang='lat' dir='ltr'><strong>ceteris</strong></span> <span class='ocrx_word' id='word_1_82' title='bbox 361 863 426 914; x_wconf 84' lang='lat' dir='ltr'><strong>trihus</strong></span> <span class='ocrx_word' id='word_1_83' title='bbox 440 872 466 913; x_wconf 87' lang='lat' dir='ltr'><strong>ah</strong></span> <span class='ocrx_word' id='word_1_84' title='bbox 480 872 526 927; x_wconf 91' lang='lat' dir='ltr'><strong>ipso</strong></span> <span class='ocrx_word' id='word_1_85' title='bbox 541 872 649 915; x_wconf 85' lang='lat' dir='ltr'><strong>conversis</strong></span> <span class='ocrx_word' id='word_1_86' title='bbox 663 872 742 914; x_wconf 77' lang='lat' dir='ltr'><strong>addidit</strong></span> <span class='ocrx_word' id='word_1_87' title='bbox 752 879 772 916; x_wconf 88' lang='lat' dir='ltr'><strong>et</strong></span> 
     </span>
     <span class='ocr_line' id='line_1_12' title="bbox 84 940 772 1004; baseline 0.004 -15"><span class='ocrx_word' id='word_1_88' title='bbox 84 962 181 1003; x_wconf 83' lang='lat' dir='ltr'><strong>graecum</strong></span> <span class='ocrx_word' id='word_1_89' title='bbox 195 950 284 1004; x_wconf 84' lang='lat' dir='ltr'><strong>quidem,</strong></span> <span class='ocrx_word' id='word_1_90' title='bbox 305 952 364 1004; x_wconf 78' lang='lat' dir='ltr'><strong>prout</strong></span> <span class='ocrx_word' id='word_1_91' title='bbox 378 949 499 1004; x_wconf 81' lang='lat' dir='ltr'><strong>invenerat,</strong></span> <span class='ocrx_word' id='word_1_92' title='bbox 512 948 547 990; x_wconf 88' lang='lat' dir='ltr'><strong>vei</strong></span> <span class='ocrx_word' id='word_1_93' title='bbox 561 940 683 992; x_wconf 82' lang='lat' dir='ltr'><strong>addiderunt</strong></span> <span class='ocrx_word' id='word_1_94' title='bbox 696 950 738 1004; x_wconf 76' lang='lat' dir='ltr'><strong>alii,</strong></span> <span class='ocrx_word' id='word_1_95' title='bbox 752 950 772 992; x_wconf 93' lang='lat' dir='ltr'><strong>id</strong></span> 
     </span>
     <span class='ocr_line' id='line_1_13' title="bbox 87 1024 773 1083; baseline 0.006 -17"><span class='ocrx_word' id='word_1_96' title='bbox 87 1025 140 1081; x_wconf 81' lang='lat' dir='ltr'><strong>quod</strong></span> <span class='ocrx_word' id='word_1_97' title='bbox 155 1038 182 1067; x_wconf 84' lang='lat' dir='ltr'><strong>ex</strong></span> <span class='ocrx_word' id='word_1_98' title='bbox 195 1025 244 1079; x_wconf 88' lang='lat' dir='ltr'><strong>loci,</strong></span> <span class='ocrx_word' id='word_1_99' title='bbox 264 1038 302 1082; x_wconf 83' lang='lat' dir='ltr'><strong>quo</strong></span> <span class='ocrx_word' id='word_1_100' title='bbox 322 1026 398 1068; x_wconf 85' lang='lat' dir='ltr'><strong>ceteris</strong></span> <span class='ocrx_word' id='word_1_101' title='bbox 417 1024 451 1067; x_wconf 88' lang='lat' dir='ltr'><strong>vel</strong></span> <span class='ocrx_word' id='word_1_102' title='bbox 469 1025 591 1079; x_wconf 59' lang='lat' dir='ltr'><strong>interdicitur</strong></span> <span class='ocrx_word' id='word_1_103' title='bbox 610 1026 645 1068; x_wconf 86' lang='lat' dir='ltr'><strong>voi</strong></span> <span class='ocrx_word' id='word_1_104' title='bbox 662 1027 773 1083; x_wconf 85' lang='lat' dir='ltr'><strong>subjicitur,</strong></span> 
     </span>
     <span class='ocr_line' id='line_1_14' title="bbox 86 1102 455 1157; baseline 0.003 -14"><span class='ocrx_word' id='word_1_105' title='bbox 86 1103 230 1145; x_wconf 78' lang='lat' dir='ltr'><strong>incertitudine</strong></span> <span class='ocrx_word' id='word_1_106' title='bbox 244 1102 369 1145; x_wconf 78' lang='lat' dir='ltr'><strong>concludere</strong></span> <span class='ocrx_word' id='word_1_107' title='bbox 381 1103 455 1157; x_wconf 86' lang='lat' dir='ltr'><strong>possis.</strong></span> 
     </span>
    </p>

    <p class='ocr_par' dir='ltr' id='par_1_4' title="bbox 84 1175 782 2456">
     <span class='ocr_line' id='line_1_15' title="bbox 112 1175 774 1234; baseline 0.006 -15"><span class='ocrx_word' id='word_1_108' title='bbox 112 1187 114 1189; x_wconf 88' lang='grc'><strong><em>·</em></strong></span> <span class='ocrx_word' id='word_1_109' title='bbox 142 1178 199 1231; x_wconf 72' lang='lat' dir='ltr'><strong>Quae</strong></span> <span class='ocrx_word' id='word_1_110' title='bbox 213 1193 257 1222; x_wconf 87' lang='lat' dir='ltr'><strong>cunr</strong></span> <span class='ocrx_word' id='word_1_111' title='bbox 269 1181 298 1222; x_wconf 89' lang='lat' dir='ltr'><strong>ita</strong></span> <span class='ocrx_word' id='word_1_112' title='bbox 311 1181 360 1234; x_wconf 84' lang='lat' dir='ltr'><strong>siut,</strong></span> <span class='ocrx_word' id='word_1_113' title='bbox 373 1181 467 1221; x_wconf 85' lang='lat' dir='ltr'><strong>effectum</strong></span> <span class='ocrx_word' id='word_1_114' title='bbox 480 1175 514 1220; x_wconf 83' lang='lat' dir='ltr'><strong>est</strong></span> <span class='ocrx_word' id='word_1_115' title='bbox 523 1178 611 1233; x_wconf 77' lang='lat' dir='ltr'><strong>quidem,</strong></span> <span class='ocrx_word' id='word_1_116' title='bbox 624 1185 701 1234; x_wconf 86' lang='lat' dir='ltr'><strong>posse</strong></span> <span class='ocrx_word' id='word_1_117' title='bbox 715 1192 774 1223; x_wconf 88' lang='lat' dir='ltr'><strong>esse</strong></span> 
     </span>
     <span class='ocr_line' id='line_1_16' title="bbox 87 1254 774 1315; baseline 0.003 -18"><span class='ocrx_word' id='word_1_118' title='bbox 87 1254 223 1311; x_wconf 83' lang='lat' dir='ltr'><strong>Epiphaniam</strong></span> <span class='ocrx_word' id='word_1_119' title='bbox 236 1255 281 1298; x_wconf 86' lang='lat' dir='ltr'><strong>libri</strong></span> <span class='ocrx_word' id='word_1_120' title='bbox 294 1255 320 1298; x_wconf 90' lang='lat' dir='ltr'><strong>de</strong></span> <span class='ocrx_word' id='word_1_121' title='bbox 335 1256 379 1298; x_wconf 84' lang='lat' dir='ltr'><strong>vita</strong></span> <span class='ocrx_word' id='word_1_122' title='bbox 397 1260 419 1297; x_wconf 91' lang='lat' dir='ltr'><strong>et</strong></span> <span class='ocrx_word' id='word_1_123' title='bbox 436 1256 520 1298; x_wconf 87' lang='lat' dir='ltr'><strong>interitu</strong></span> <span class='ocrx_word' id='word_1_124' title='bbox 539 1256 685 1312; x_wconf 86' lang='lat' dir='ltr'><strong>prophetarum</strong></span> <span class='ocrx_word' id='word_1_125' title='bbox 703 1261 774 1315; x_wconf 83' lang='lat' dir='ltr'><strong>auctp-</strong></span> 
     </span>
     <span class='ocr_line' id='line_1_17' title="bbox 87 1318 774 1390; baseline 0.001 -14"><span class='ocrx_word' id='word_1_126' title='bbox 87 1318 140 1384; x_wconf 76' lang='lat' dir='ltr'><strong>rein,</strong></span> <span class='ocrx_word' id='word_1_127' title='bbox 159 1338 181 1375; x_wconf 85' lang='lat' dir='ltr'><strong>at</strong></span> <span class='ocrx_word' id='word_1_128' title='bbox 195 1346 245 1376; x_wconf 87' lang='lat' dir='ltr'><strong>vero</strong></span> <span class='ocrx_word' id='word_1_129' title='bbox 259 1345 319 1377; x_wconf 86' lang='lat' dir='ltr'><strong>esse</strong></span> <span class='ocrx_word' id='word_1_130' title='bbox 333 1346 379 1376; x_wconf 85' lang='lat' dir='ltr'><strong>errrn</strong></span> <span class='ocrx_word' id='word_1_131' title='bbox 394 1335 438 1387; x_wconf 86' lang='lat' dir='ltr'><strong>ejus</strong></span> <span class='ocrx_word' id='word_1_132' title='bbox 452 1333 498 1377; x_wconf 90' lang='lat' dir='ltr'><strong>lihri</strong></span> <span class='ocrx_word' id='word_1_133' title='bbox 512 1337 616 1377; x_wconf 83' lang='lat' dir='ltr'><strong>auctorem</strong></span> <span class='ocrx_word' id='word_1_134' title='bbox 629 1335 718 1376; x_wconf 82' lang='lat' dir='ltr'><strong>nonduin</strong></span> <span class='ocrx_word' id='word_1_135' title='bbox 734 1349 774 1390; x_wconf 87' lang='lat' dir='ltr'><strong>pa-</strong></span> 
     </span>
     <span class='ocr_line' id='line_1_18' title="bbox 89 1398 775 1467; baseline 0.003 -17"><span class='ocrx_word' id='word_1_136' title='bbox 89 1414 126 1453; x_wconf 86' lang='lat' dir='ltr'><strong>tet.</strong></span> <span class='ocrx_word' id='word_1_137' title='bbox 154 1402 296 1453; x_wconf 78' lang='lat' dir='ltr'><strong>Examinanda</strong></span> <span class='ocrx_word' id='word_1_138' title='bbox 310 1411 371 1465; x_wconf 82' lang='lat' dir='ltr'><strong>igitur·</strong></span> <span class='ocrx_word' id='word_1_139' title='bbox 385 1416 433 1453; x_wconf 89' lang='lat' dir='ltr'><strong>sunt</strong></span> <span class='ocrx_word' id='word_1_140' title='bbox 447 1410 547 1466; x_wconf 86' lang='lat' dir='ltr'><strong>deinceps</strong></span> <span class='ocrx_word' id='word_1_141' title='bbox 560 1398 689 1466; x_wconf 58' lang='lat' dir='ltr'><strong>argumenta,</strong></span> <span class='ocrx_word' id='word_1_142' title='bbox 704 1411 775 1467; x_wconf 82' lang='lat' dir='ltr'><strong>quihus</strong></span> 
     </span>
     <span class='ocr_line' id='line_1_19' title="bbox 89 1485 776 1545; baseline 0.004 -17"><span class='ocrx_word' id='word_1_143' title='bbox 89 1485 235 1541; x_wconf 79' lang='lat' dir='ltr'><strong>Epipiraniano</strong></span> <span class='ocrx_word' id='word_1_144' title='bbox 248 1487 293 1529; x_wconf 85' lang='lat' dir='ltr'><strong>lihri</strong></span> <span class='ocrx_word' id='word_1_145' title='bbox 307 1490 363 1544; x_wconf 83' lang='lat' dir='ltr'><strong>origo</strong></span> <span class='ocrx_word' id='word_1_146' title='bbox 377 1488 518 1545; x_wconf 72' lang='lat' dir='ltr'><strong>impugnatur3</strong></span> <span class='ocrx_word' id='word_1_147' title='bbox 533 1500 571 1541; x_wconf 83' lang='lat' dir='ltr'><strong>quo</strong></span> <span class='ocrx_word' id='word_1_148' title='bbox 585 1486 640 1528; x_wconf 84' lang='lat' dir='ltr'><strong>facto</strong></span> <span class='ocrx_word' id='word_1_149' title='bbox 653 1489 776 1543; x_wconf 84' lang='lat' dir='ltr'><strong>proferenda</strong></span> 
     </span>
     <span class='ocr_line' id='line_1_20' title="bbox 90 1550 776 1619; baseline 0.004 -15"><span class='ocrx_word' id='word_1_150' title='bbox 90 1567 138 1605; x_wconf 86' lang='lat' dir='ltr'><strong>suut</strong></span> <span class='ocrx_word' id='word_1_151' title='bbox 152 1567 280 1616; x_wconf 82' lang='lat' dir='ltr'><strong>argumenta,</strong></span> <span class='ocrx_word' id='word_1_152' title='bbox 300 1558 374 1619; x_wconf 72' lang='lat' dir='ltr'><strong>quihus</strong></span> <span class='ocrx_word' id='word_1_153' title='bbox 389 1550 524 1607; x_wconf 81' lang='lat' dir='ltr'><strong>confirmetur.</strong></span> <span class='ocrx_word' id='word_1_154' title='bbox 553 1562 662 1606; x_wconf 85' lang='lat' dir='ltr'><strong>Primum</strong></span> <span class='ocrx_word' id='word_1_155' title='bbox 676 1577 727 1609; x_wconf 87' lang='lat' dir='ltr'><strong>vero</strong></span> <span class='ocrx_word' id='word_1_156' title='bbox 741 1577 776 1608; x_wconf 88' lang='lat' dir='ltr'><strong>ar-</strong></span> 
     </span>
     <span class='ocr_line' id='line_1_21' title="bbox 89 1640 776 1697; baseline 0.004 -15"><span class='ocrx_word' id='word_1_157' title='bbox 89 1644 216 1695; x_wconf 61' lang='lat' dir='ltr'><strong>gumenturn7</strong></span> <span class='ocrx_word' id='word_1_158' title='bbox 235 1653 273 1697; x_wconf 82' lang='lat' dir='ltr'><strong>quo</strong></span> <span class='ocrx_word' id='word_1_159' title='bbox 287 1640 321 1684; x_wconf 90' lang='lat' dir='ltr'><strong>hic</strong></span> <span class='ocrx_word' id='word_1_160' title='bbox 335 1642 386 1684; x_wconf 83' lang='lat' dir='ltr'><strong>iiber</strong></span> <span class='ocrx_word' id='word_1_161' title='bbox 399 1642 454 1685; x_wconf 84' lang='lat' dir='ltr'><strong>iuter</strong></span> <span class='ocrx_word' id='word_1_162' title='bbox 471 1640 601 1694; x_wconf 71' lang='lat' dir='ltr'><strong>rodoodpruo</strong></span> <span class='ocrx_word' id='word_1_163' title='bbox 618 1642 717 1692; x_wconf 82' lang='lat' dir='ltr'><strong>refertur,</strong></span> <span class='ocrx_word' id='word_1_164' title='bbox 739 1643 776 1686; x_wconf 90' lang='lat' dir='ltr'><strong>hoc</strong></span> 
     </span>
     <span class='ocr_line' id='line_1_22' title="bbox 90 1717 777 1775; baseline 0.001 -15"><span class='ocrx_word' id='word_1_165' title='bbox 90 1723 194 1774; x_wconf 46' lang='lat' dir='ltr'><strong>estpeurn</strong></span> <span class='ocrx_word' id='word_1_166' title='bbox 208 1732 221 1760; x_wconf 81' lang='lat' dir='ltr'><strong>a</strong></span> <span class='ocrx_word' id='word_1_167' title='bbox 234 1718 367 1766; x_wconf 83' lang='lat' dir='ltr'><strong>Dorotheauo</strong></span> <span class='ocrx_word' id='word_1_168' title='bbox 382 1731 466 1773; x_wconf 85' lang='lat' dir='ltr'><strong>prorsus</strong></span> <span class='ocrx_word' id='word_1_169' title='bbox 480 1730 522 1759; x_wconf 89' lang='lat' dir='ltr'><strong>nou</strong></span> <span class='ocrx_word' id='word_1_170' title='bbox 536 1717 640 1760; x_wconf 84' lang='lat' dir='ltr'><strong>diversum</strong></span> <span class='ocrx_word' id='word_1_171' title='bbox 654 1731 678 1761; x_wconf 87' lang='lat' dir='ltr'><strong>ac</strong></span> <span class='ocrx_word' id='word_1_172' title='bbox 692 1718 777 1775; x_wconf 87' lang='lat' dir='ltr'><strong>proinde</strong></span> 
     </span>
     <span class='ocr_line' id='line_1_23' title="bbox 89 1794 778 1855; baseline 0 -18"><span class='ocrx_word' id='word_1_173' title='bbox 89 1798 185 1838; x_wconf 85' lang='lat' dir='ltr'><strong>auctores</strong></span> <span class='ocrx_word' id='word_1_174' title='bbox 199 1806 278 1851; x_wconf 83' lang='lat' dir='ltr'><strong>quoque</strong></span> <span class='ocrx_word' id='word_1_175' title='bbox 293 1794 389 1837; x_wconf 87' lang='lat' dir='ltr'><strong>diversos</strong></span> <span class='ocrx_word' id='word_1_176' title='bbox 400 1809 443 1855; x_wconf 65' lang='lat' dir='ltr'><strong>&gt;nou</strong></span> <span class='ocrx_word' id='word_1_177' title='bbox 452 1808 507 1837; x_wconf 85' lang='lat' dir='ltr'><strong>esse.</strong></span> <span class='ocrx_word' id='word_1_178' title='bbox 529 1796 598 1851; x_wconf 82' lang='lat' dir='ltr'><strong>„Nihil</strong></span> <span class='ocrx_word' id='word_1_179' title='bbox 608 1794 698 1847; x_wconf 80' lang='lat' dir='ltr'><strong>mir·u1n“‚</strong></span> <span class='ocrx_word' id='word_1_180' title='bbox 713 1796 778 1853; x_wconf 81' lang='lat' dir='ltr'><strong>iuquit</strong></span> 
     </span>
     <span class='ocr_line' id='line_1_24' title="bbox 93 1869 778 1928; baseline 0 -14"><span class='ocrx_word' id='word_1_181' title='bbox 93 1870 197 1927; x_wconf 70' lang='lat' dir='ltr'><strong>(hrodinus,</strong></span> <span class='ocrx_word' id='word_1_182' title='bbox 211 1872 276 1928; x_wconf 77' lang='lat' dir='ltr'><strong>„hauc</strong></span> <span class='ocrx_word' id='word_1_183' title='bbox 291 1869 398 1927; x_wconf 81' lang='lat' dir='ltr'><strong>Synopsin</strong></span> <span class='ocrx_word' id='word_1_184' title='bbox 412 1872 438 1913; x_wconf 91' lang='lat' dir='ltr'><strong>de</strong></span> <span class='ocrx_word' id='word_1_185' title='bbox 452 1872 502 1914; x_wconf 82' lang='lat' dir='ltr'><strong>viro</strong></span> <span class='ocrx_word' id='word_1_186' title='bbox 516 1876 538 1914; x_wconf 86' lang='lat' dir='ltr'><strong>et</strong></span> <span class='ocrx_word' id='word_1_187' title='bbox 550 1877 614 1920; x_wconf 82' lang='lat' dir='ltr'><strong>morte</strong></span> <span class='ocrx_word' id='word_1_188' title='bbox 622 1871 778 1928; x_wconf 80' lang='lat' dir='ltr'><strong>Prophetarum,</strong></span> 
     </span>
     <span class='ocr_line' id='line_1_25' title="bbox 91 1947 778 2005; baseline -0.001 -15"><span class='ocrx_word' id='word_1_189' title='bbox 91 1949 118 1990; x_wconf 87' lang='lat' dir='ltr'><strong>de</strong></span> <span class='ocrx_word' id='word_1_190' title='bbox 131 1948 174 1990; x_wconf 80' lang='lat' dir='ltr'><strong>XII</strong></span> <span class='ocrx_word' id='word_1_191' title='bbox 187 1949 293 2003; x_wconf 85' lang='lat' dir='ltr'><strong>Apostolis</strong></span> <span class='ocrx_word' id='word_1_192' title='bbox 307 1952 329 1991; x_wconf 94' lang='lat' dir='ltr'><strong>et</strong></span> <span class='ocrx_word' id='word_1_193' title='bbox 342 1949 403 1991; x_wconf 84' lang='lat' dir='ltr'><strong>LXX</strong></span> <span class='ocrx_word' id='word_1_194' title='bbox 417 1948 531 2003; x_wconf 82' lang='lat' dir='ltr'><strong>Disoipulis</strong></span> <span class='ocrx_word' id='word_1_195' title='bbox 544 1949 566 1990; x_wconf 91' lang='lat' dir='ltr'><strong>iu</strong></span> <span class='ocrx_word' id='word_1_196' title='bbox 580 1947 645 2005; x_wconf 79' lang='lat' dir='ltr'>MSS.</span> <span class='ocrx_word' id='word_1_197' title='bbox 660 1950 722 1991; x_wconf 83' lang='lat' dir='ltr'><strong>etiarn</strong></span> <span class='ocrx_word' id='word_1_198' title='bbox 736 1948 778 1989; x_wconf 78' lang='lat' dir='ltr'><strong>Co-</strong></span> 
     </span>
     <span class='ocr_line' id='line_1_26' title="bbox 91 2023 779 2083; baseline 0.004 -18"><span class='ocrx_word' id='word_1_199' title='bbox 91 2026 171 2067; x_wconf 87' lang='lat' dir='ltr'><strong>dioihus</strong></span> <span class='ocrx_word' id='word_1_200' title='bbox 189 2037 229 2066; x_wconf 91' lang='lat' dir='ltr'><strong>nou</strong></span> <span class='ocrx_word' id='word_1_201' title='bbox 243 2028 321 2067; x_wconf 86' lang='lat' dir='ltr'><strong>tantum</strong></span> <span class='ocrx_word' id='word_1_202' title='bbox 334 2023 441 2067; x_wconf 85' lang='lat' dir='ltr'><strong>Dorotheo</strong></span> <span class='ocrx_word' id='word_1_203' title='bbox 456 2024 508 2080; x_wconf 80' lang='lat' dir='ltr'><strong>Tyri</strong></span> <span class='ocrx_word' id='word_1_204' title='bbox 527 2023 631 2081; x_wconf 81' lang='lat' dir='ltr'><strong>Episcopo</strong></span> <span class='ocrx_word' id='word_1_205' title='bbox 650 2030 672 2069; x_wconf 84' lang='lat' dir='ltr'><strong>et</strong></span> <span class='ocrx_word' id='word_1_206' title='bbox 691 2025 779 2083; x_wconf 82' lang='lat' dir='ltr'><strong>Martyri</strong></span> 
     </span>
     <span class='ocr_line' id='line_1_27' title="bbox 91 2102 780 2160; baseline -0.001 -15"><span class='ocrx_word' id='word_1_207' title='bbox 91 2102 188 2157; x_wconf 78' lang='lat' dir='ltr'><strong>insci-ihi,</strong></span> <span class='ocrx_word' id='word_1_208' title='bbox 208 2102 260 2157; x_wconf 79' lang='lat' dir='ltr'><strong>quod</strong></span> <span class='ocrx_word' id='word_1_209' title='bbox 274 2102 383 2146; x_wconf 79' lang='lat' dir='ltr'><strong>absurdum</strong></span> <span class='ocrx_word' id='word_1_210' title='bbox 397 2109 441 2145; x_wconf 82' lang='lat' dir='ltr'><strong>est:</strong></span> <span class='ocrx_word' id='word_1_211' title='bbox 462 2103 500 2146; x_wconf 86' lang='lat' dir='ltr'><strong>sed</strong></span> <span class='ocrx_word' id='word_1_212' title='bbox 514 2104 576 2146; x_wconf 86' lang='lat' dir='ltr'><strong>etiam</strong></span> <span class='ocrx_word' id='word_1_213' title='bbox 590 2104 674 2146; x_wconf 86' lang='lat' dir='ltr'><strong>attribui</strong></span> <span class='ocrx_word' id='word_1_214' title='bbox 688 2104 711 2147; x_wconf 85' lang='lat' dir='ltr'><strong>S.</strong></span> <span class='ocrx_word' id='word_1_215' title='bbox 726 2103 780 2160; x_wconf 81' lang='lat' dir='ltr'><strong>Epi-</strong></span> 
     </span>
     <span class='ocr_line' id='line_1_28' title="bbox 92 2177 781 2238; baseline 0.003 -16"><span class='ocrx_word' id='word_1_216' title='bbox 92 2180 169 2236; x_wconf 85' lang='lat' dir='ltr'><strong>phauio</strong></span> <span class='ocrx_word' id='word_1_217' title='bbox 183 2177 319 2222; x_wconf 69' lang='lat' dir='ltr'><strong>constantiae</strong></span> <span class='ocrx_word' id='word_1_218' title='bbox 333 2181 354 2223; x_wconf 91' lang='lat' dir='ltr'><strong>in</strong></span> <span class='ocrx_word' id='word_1_219' title='bbox 373 2179 442 2238; x_wconf 76' lang='lat' dir='ltr'><strong>Cypro</strong></span> <span class='ocrx_word' id='word_1_220' title='bbox 458 2181 632 2237; x_wconf 81' lang='lat' dir='ltr'><strong>Archiepiscopo‚</strong></span> <span class='ocrx_word' id='word_1_221' title='bbox 650 2182 707 2225; x_wconf 83' lang='lat' dir='ltr'><strong>iuter</strong></span> <span class='ocrx_word' id='word_1_222' title='bbox 724 2183 781 2235; x_wconf 83' lang='lat' dir='ltr'><strong>cujus</strong></span> 
     </span>
     <span class='ocr_line' id='line_1_29' title="bbox 84 2252 780 2315; baseline -0.003 -15"><span class='ocrx_word' id='word_1_223' title='bbox 84 2252 164 2313; x_wconf 71' lang='lat' dir='ltr'><strong>vOpera</strong></span> <span class='ocrx_word' id='word_1_224' title='bbox 177 2259 280 2314; x_wconf 84' lang='lat' dir='ltr'><strong>inpressa</strong></span> <span class='ocrx_word' id='word_1_225' title='bbox 294 2271 322 2301; x_wconf 81' lang='lat' dir='ltr'><strong>ex</strong></span> <span class='ocrx_word' id='word_1_226' title='bbox 341 2262 400 2313; x_wconf 83' lang='lat' dir='ltr'><strong>parte</strong></span> <span class='ocrx_word' id='word_1_227' title='bbox 418 2256 570 2315; x_wconf 45' lang='lat' dir='ltr'><strong>reperturum</strong></span> <span class='ocrx_word' id='word_1_228' title='bbox 591 2259 638 2313; x_wconf 81' lang='lat' dir='ltr'><strong>quia</strong></span> <span class='ocrx_word' id='word_1_229' title='bbox 657 2273 708 2314; x_wconf 87' lang='lat' dir='ltr'><strong>opus</strong></span> <span class='ocrx_word' id='word_1_230' title='bbox 725 2258 780 2300; x_wconf 87' lang='lat' dir='ltr'><strong>istud</strong></span> 
     </span>
     <span class='ocr_line' id='line_1_30' title="bbox 93 2332 781 2391; baseline -0.004 -13"><span class='ocrx_word' id='word_1_231' title='bbox 93 2347 124 2378; x_wconf 81' lang='lat' dir='ltr'><strong>ao.</strong></span> <span class='ocrx_word' id='word_1_232' title='bbox 140 2332 198 2377; x_wconf 71' lang='lat'>525.</span> <span class='ocrx_word' id='word_1_233' title='bbox 212 2346 224 2376; x_wconf 91' lang='lat' dir='ltr'><strong>a</strong></span> <span class='ocrx_word' id='word_1_234' title='bbox 241 2332 342 2389; x_wconf 88' lang='lat' dir='ltr'><strong>Procopio</strong></span> <span class='ocrx_word' id='word_1_235' title='bbox 360 2334 487 2391; x_wconf 82' lang='lat' dir='ltr'><strong>Presbytero</strong></span> <span class='ocrx_word' id='word_1_236' title='bbox 505 2335 643 2391; x_wconf 85' lang='lat' dir='ltr'><strong>couscriptum</strong></span> <span class='ocrx_word' id='word_1_237' title='bbox 659 2335 736 2390; x_wconf 83' lang='lat' dir='ltr'><strong>iegitur</strong></span> <span class='ocrx_word' id='word_1_238' title='bbox 755 2332 781 2377; x_wconf 81' lang='lat' dir='ltr'><strong>ad</strong></span> 
     </span>
     <span class='ocr_line' id='line_1_31' title="bbox 93 2410 782 2456; baseline -0.003 -1"><span class='ocrx_word' id='word_1_239' title='bbox 93 2411 324 2455; x_wconf 80' lang='lat' dir='ltr'><strong>elevationemltomue</strong></span> <span class='ocrx_word' id='word_1_240' title='bbox 338 2413 412 2455; x_wconf 88' lang='lat' dir='ltr'><strong>Novae</strong></span> <span class='ocrx_word' id='word_1_241' title='bbox 425 2413 527 2456; x_wconf 85' lang='lat' dir='ltr'><strong>aduersus</strong></span> <span class='ocrx_word' id='word_1_242' title='bbox 540 2411 647 2455; x_wconf 81' lang='lat' dir='ltr'><strong>Veterem.</strong></span> <span class='ocrx_word' id='word_1_243' title='bbox 676 2410 726 2456; x_wconf 84' lang='lat' dir='ltr'><strong>Corn</strong></span> <span class='ocrx_word' id='word_1_244' title='bbox 740 2412 782 2454; x_wconf 85' lang='lat' dir='ltr'><strong>ita-</strong></span> 
     </span>
    </p>
   </div>
   <div class='ocr_carea' id='block_1_4' title="bbox 93 2554 783 2657">
    <p class='ocr_par' dir='ltr' id='par_1_5' title="bbox 93 2554 783 2657">
     <span class='ocr_line' id='line_1_32' title="bbox 93 2554 783 2599; baseline -0.006 -9"><span class='ocrx_word' id='word_1_245' title='bbox 93 2561 173 2599; x_wconf 80' lang='lat' dir='ltr'><strong>quantum</strong></span> <span class='ocrx_word' id='word_1_246' title='bbox 183 2559 251 2591; x_wconf 78' lang='lat' dir='ltr'><strong>iieitrun</strong></span> <span class='ocrx_word' id='word_1_247' title='bbox 262 2556 331 2588; x_wconf 81' lang='lat' dir='ltr'><strong>sibimet</strong></span> <span class='ocrx_word' id='word_1_248' title='bbox 340 2556 445 2596; x_wconf 82' lang='lat' dir='ltr'><strong>putaverint!</strong></span> <span class='ocrx_word' id='word_1_249' title='bbox 467 2558 566 2598; x_wconf 81' lang='lat' dir='ltr'><strong>Scripturae</strong></span> <span class='ocrx_word' id='word_1_250' title='bbox 577 2558 652 2589; x_wconf 83' lang='lat' dir='ltr'><strong>varietas</strong></span> <span class='ocrx_word' id='word_1_251' title='bbox 663 2558 711 2590; x_wconf 78' lang='lat' dir='ltr'><strong>tanta</strong></span> <span class='ocrx_word' id='word_1_252' title='bbox 721 2556 753 2598; x_wconf 83' lang='lat' dir='ltr'><strong>est,</strong></span> <span class='ocrx_word' id='word_1_253' title='bbox 765 2554 783 2587; x_wconf 87' lang='lat' dir='ltr'><strong>ut</strong></span> 
     </span>
     <span class='ocr_line' id='line_1_33' title="bbox 94 2612 581 2657; baseline -0.006 -11"><span class='ocrx_word' id='word_1_254' title='bbox 94 2615 170 2648; x_wconf 76' lang='lat' dir='ltr'><strong>diversas</strong></span> <span class='ocrx_word' id='word_1_255' title='bbox 181 2613 257 2657; x_wconf 83' lang='lat' dir='ltr'><strong>ejusdem</strong></span> <span class='ocrx_word' id='word_1_256' title='bbox 269 2614 325 2644; x_wconf 83' lang='lat' dir='ltr'><strong>textus</strong></span> <span class='ocrx_word' id='word_1_257' title='bbox 336 2612 424 2644; x_wconf 79' lang='lat' dir='ltr'><strong>versiones</strong></span> <span class='ocrx_word' id='word_1_258' title='bbox 435 2613 494 2651; x_wconf 81' lang='lat' dir='ltr'><strong>legere</strong></span> <span class='ocrx_word' id='word_1_259' title='bbox 505 2613 581 2644; x_wconf 81' lang='lat' dir='ltr'><strong>videare.</strong></span> 
     </span>
    </p>
   </div>
   <div class='ocr_carea' id='block_1_5' title="bbox 95 2672 785 2778">
    <p class='ocr_par' dir='ltr' id='par_1_6' title="bbox 95 2672 785 2778">
     <span class='ocr_line' id='line_1_34' title="bbox 135 2672 784 2723; baseline -0.014 -9"><span class='ocrx_word' id='word_1_260' title='bbox 135 2682 164 2720; x_wconf 81' lang='grc'><strong>59)</strong></span> <span class='ocrx_word' id='word_1_261' title='bbox 176 2682 228 2723; x_wconf 80' lang='lat' dir='ltr'><strong>Atqui</strong></span> <span class='ocrx_word' id='word_1_262' title='bbox 241 2681 303 2712; x_wconf 83' lang='lat' dir='ltr'><strong>miruur</strong></span> <span class='ocrx_word' id='word_1_263' title='bbox 318 2679 353 2720; x_wconf 90' lang='lat' dir='ltr'><strong>est,</strong></span> <span class='ocrx_word' id='word_1_264' title='bbox 370 2686 408 2710; x_wconf 84' lang='lat' dir='ltr'><strong>esse</strong></span> <span class='ocrx_word' id='word_1_265' title='bbox 422 2678 480 2721; x_wconf 75' lang='lat' dir='ltr'><strong>codd,</strong></span> <span class='ocrx_word' id='word_1_266' title='bbox 495 2681 514 2711; x_wconf 84' lang='lat' dir='ltr'><strong>in</strong></span> <span class='ocrx_word' id='word_1_267' title='bbox 530 2680 590 2720; x_wconf 78' lang='lat' dir='ltr'><strong>quihus</strong></span> <span class='ocrx_word' id='word_1_268' title='bbox 604 2672 730 2721; x_wconf 78' lang='lat' dir='ltr'><strong>Eptphontouu</strong></span> <span class='ocrx_word' id='word_1_269' title='bbox 746 2683 784 2707; x_wconf 85' lang='lat' dir='ltr'><strong>curu</strong></span> 
     </span>
     <span class='ocr_line' id='line_1_35' title="bbox 95 2732 785 2778; baseline -0.009 -11"><span class='ocrx_word' id='word_1_270' title='bbox 95 2735 216 2770; x_wconf 66' lang='lat' dir='ltr'><strong>uirorumue</strong></span> <span class='ocrx_word' id='word_1_271' title='bbox 234 2733 327 2777; x_wconf 79' lang='lat' dir='ltr'><strong>conjunctu</strong></span> <span class='ocrx_word' id='word_1_272' title='bbox 345 2735 462 2778; x_wconf 82' lang='lat' dir='ltr'><strong>reperiantur,</strong></span> <span class='ocrx_word' id='word_1_273' title='bbox 481 2735 526 2769; x_wconf 83' lang='lat' dir='ltr'><strong>uude</strong></span> <span class='ocrx_word' id='word_1_274' title='bbox 541 2735 620 2777; x_wconf 82' lang='lat' dir='ltr'><strong>apparet,</strong></span> <span class='ocrx_word' id='word_1_275' title='bbox 641 2740 675 2767; x_wconf 80' lang='lat' dir='ltr'><strong>uon</strong></span> <span class='ocrx_word' id='word_1_276' title='bbox 693 2740 715 2765; x_wconf 84' lang='lat' dir='ltr'><strong>ea</strong></span> <span class='ocrx_word' id='word_1_277' title='bbox 733 2732 785 2770; x_wconf 79' lang='lat' dir='ltr'><strong>opus-</strong></span> 
     </span>
    </p>
   </div>
   <div class='ocr_carea' id='block_1_6' title="bbox 0 0 836 2882">
    <p class='ocr_par' dir='ltr' id='par_1_7' title="bbox 0 0 836 2882">
     <span class='ocr_line' id='line_1_36' title="bbox 0 0 836 2882; baseline 0 0"><span class='ocrx_word' id='word_1_278' title='bbox 0 0 836 2882; x_wconf 95' lang='lat' dir='ltr'><strong> </strong></span> 
     </span>
    </p>
   </div>
  </div>
 </body>
</html>
