1584 2882
273 136 469 208 *so-f

35 251 80 297 tatis
94 249 185 306 speciem
201 251 263 304 atque
276 249 420 308 auctoritatem
434 248 494 305 paulo
509 249 605 304 majorem
623 247 721 294 coucilia·

5 363 7 365 μ
34 331 87 374 rent:
106 328 159 371 nisi
172 326 261 382 potius
275 326 329 368 hunc
342 326 427 381 primum
445 325 535 369 Ebraico
553 326 650 369 idiomate
671 339 721 370 eon-

34 387 128 459 scriptum
142 417 168 458 ao
182 403 330 459 posterioribus
343 404 404 444 annis
418 417 431 445 a
444 403 565 445 diversis
574 405 721 458 interpretibus

0 517 1 532 p
33 485 53 525 in
67 479 169 523 Graccum
183 491 301 526 sermonem,
311 479 432 521 translatum
447 479 512 521 luisse
523 482 648 522 statuamus:
662 493 722 536 quam

34 558 156 602 sententiam
169 561 227 600 tanto
242 556 405 600 verisimiliorem
424 558 523 608 arbitror,
543 561 618 615 quanto
636 558 721 613 propius

0 630 2 634 ⁴
34 636 130 679 orationis
144 635 197 677 iilum
211 634 238 677 ad
252 633 355 677 Ebraicae
369 633 452 687 linguae
462 636 609 689 proprietatem
619 634 722 678 accedit.“

34 712 61 754 At
79 724 129 753 vero
148 711 200 753 haec
220 724 300 767 quoque
318 710 409 768 Zehneri
427 711 533 769 sordentia
551 716 595 756 tota
614 710 722 774 opinabilis

34 792 66 832 est
80 789 174 844 omnique
188 789 279 832 veritate
296 786 403 830 destituta.
436 787 490 830 Nam
514 784 544 847 l)
561 790 636 830 nullum
653 788 722 830 vesti-

22 864 86 922 *gium
99 867 158 911 nobis
172 868 270 923 reliquum
285 869 317 910 est
331 865 378 908 libri
396 866 496 920 ejusmodi
512 866 603 910 hebraici
621 871 657 909 aut
674 879 723 909 ara-

35 945 103 999 malci,
122 945 169 998 quin
184 943 281 998 opuscula
298 942 400 984 Dorothei
419 947 440 984 et
457 937 568 998 Epiphanii
585 947 630 984 tota
644 942 723 998 indole,

34 1021 150 1063 oeconomia
163 1032 188 1062 ac
202 1020 276 1076 partlm
294 1021 356 1063 etiarn
374 1019 459 1062 materia
478 1032 490 1062 a
507 1020 612 1063 literarum
627 1020 723 1074 judaica-

33 1110 75 1139 rum
90 1101 183 1140 veterum
197 1101 270 1140 natura
289 1099 374 1152 prorsus
392 1096 509 1139 abhorrent.
516 1093 550 1155 ⁶²]
582 1096 661 1149 Quodsi
678 1098 724 1153 pri-

34 1187 77 1216 rnus
98 1173 169 1216 hurum
189 1174 320 1216 traditionum
343 1174 508 1229 propheticarum
531 1173 629 1217 collector
651 1186 663 1216 e
684 1174 724 1216 he-

34 1251 108 1292 braicis
122 1251 212 1293 lontibus
231 1251 309 1308 hausit,
329 1263 381 1306 non,
399 1250 421 1291 id
439 1249 493 1304 qrrod
510 1251 572 1293 multo
589 1250 722 1293 verisimilius

34 1329 78 1381 est,
97 1339 109 1369 e
123 1327 205 1382 graecis
219 1314 347 1383 potissimum
361 1327 499 1382 apocryphis,
518 1333 576 1370 certo
590 1341 631 1371 uon
645 1329 723 1385 librum,

33 1417 72 1459 quo
84 1406 128 1458 jam
142 1404 243 1447 collectae
257 1403 375 1461 exstabant,
389 1404 501 1459 transtulit,
516 1406 555 1448 scd
568 1406 630 1459 longe
640 1405 724 1461 lateque

35 1493 70 1536 per
84 1482 142 1548 vpria
156 1493 219 1536 opera
233 1481 341 1537 dispersas
359 1493 384 1524 ac
400 1482 474 1536 partim
493 1481 514 1524 in
533 1495 569 1524 ore
586 1482 723 1524 tantummodo

34 1558 107 1613 populi·
117 1558 214 1612 vigentes
228 1559 248 1599 in
262 1571 322 1600 unum
337 1570 411 1612 corpus
430 1557 520 1612 collegit.
549 1555 579 1614 d)
598 1559 724 1602 nullusdo-
786 1551 787 1554 ¹

34 1637 112 1677 etorum
125 1635 239 1688 ecclesiae,
253 1637 272 1677 si
287 1633 392 1688 Originam
407 1639 428 1677 et
442 1636 589 1690 Hieronymum
599 1649 624 1678 ac
633 1637 725 1679 fortasse

34 1710 161 1754 Dorotheum
176 1715 197 1756 et
211 1710 347 1768 Epiphanium
362 1710 467 1768 excipias,
486 1711 582 1754 hebraice
596 1715 637 1754 tam
651 1713 726 1756 doctus.

34 1788 77 1841 luit,
92 1793 114 1832 ut
123 1789 195 1832 librum
206 1789 321 1831 hebraicum
329 1802 370 1831 uon
378 1789 496 1830 canonicum
510 1785 551 1846 [ad
563 1790 662 1832 canonica
672 1790 725 1832 enim
766 1811 768 1813 ·

34 1864 136 1907 vertenda
150 1865 208 1920 plura
222 1866 360 1920 suppetebant
371 1860 508 1922 adminicula)
522 1864 635 1907 transferre
645 1871 724 1922 posset.

88 1941 232 1984 Secundum
246 1946 387 1997 argumentum
399 1945 470 1983 eontra
484 1941 610 1984 arrlhentiam
618 1942 664 1985 libri
674 1942 726 1999 Epi-

35 2017 130 2073 phaniani
145 2018 232 2074 proferri
249 2019 330 2061 solitum
348 2018 382 2061 his
400 2019 471 2063 verbis
490 2019 665 2076 confidentissime
681 2021 725 2062 elo-

77 2175 106 2213 62)
118 2174 138 2208 V.
155 2175 175 2206 de
190 2175 275 2218 Hupudae
289 2176 381 2209 historicae
396 2176 460 2208 veteris
476 2175 538 2209 natura
555 2184 576 2209 au
592 2177 648 2209 forma
664 2177 726 2220 Zaba,

35 2231 164 2263 Gottesdienstl.
175 2232 262 2272 Vortrtigc
274 2232 305 2262 der
316 2233 372 2263 Judeu
388 2231 429 2273 Cap.
443 2232 489 2264 Vlll.
516 2231 567 2263 Nullo
581 2233 600 2263 in
616 2235 725 2264 monumento

35 2286 118 2326 hugudico
130 2289 164 2317 tam
178 2288 306 2326 systematicam
321 2286 451 2326 dispositionem
466 2288 568 2318 invenimus.
594 2287 637 2318 Tres
653 2288 726 2319 tantum-

35 2352 84 2382 modo
95 2350 135 2381 libri
146 2351 251 2390 aliquatenus
262 2352 326 2382 sirutles
337 2351 494 2392 deprehenduntur:
518 2350 533 2394 Ι)
545 2348 598 2395 ῙὈΠΡ
612 2332 670 2391 nith,
681 2352 726 2385 liber

38 2406 146 2447 deperditus,
168 2407 197 2445 qui
211 2408 331 2448 generalogias
348 2409 365 2437 et
383 2406 499 2438 memorabilia
516 2407 602 2447 gentilitia
620 2407 736 2447 continebam-

34 2471 52 2512 2)
68 2468 109 2502 nnn
123 2451 165 2509 nitu
179 2466 223 2509 nin,
234 2471 278 2504 liber
289 2472 348 2504 seculo
358 2470 404 2505 Vlll.
415 2479 449 2503 nou
461 2473 552 2515 antiquior,
563 2473 581 2504 in
592 2481 625 2514 quo
634 2474 726 2516 prophetae

36 2544 102 2577 qnoque
112 2537 218 2576 singularum
229 2539 303 2569 aetatum
314 2538 433 2577 uomi'nautur3
455 2536 472 2578 3)
483 2534 532 2568 nidi]
547 2529 571 2572 ¹0,
582 2538 726 2571 historiafabula-

35 2593 81 2624 risa
93 2592 180 2624 creatione
191 2591 253 2624 Adami
265 2599 316 2632 usqne
327 2593 348 2624 ad
360 2594 436 2624 iuenntia
447 2593 527 2624 Judicum
540 2594 622 2634 tempora.
649 2594 727 2627 Nondum

35 2649 122 2689 qnisquam
134 2655 187 2688 nsque
198 2645 276 2679 adhunc
287 2647 331 2679 diem
343 2648 443 2685 traditiones
452 2644 530 2688 judaicas
542 2648 562 2679 de
578 2650 665 2688 prophetis
680 2657 728 2681 com-

35 2701 101 2740 pusula
118 2702 178 2733 contra
192 2701 329 2733 Muhammedant
344 2710 384 2733 snas
400 2702 422 2733 de
436 2703 524 2743 prophetis
539 2702 641 2736 traditiones
660 2706 727 2745 saepius

36 2785 149 2826 collegerunt,
161 2785 208 2817 veruo
219 2782 334 2817 nl-nasraur
346 2788 363 2817 m
374 2785 386 2816 r.
405 2769 497 2836 sami
511 2777 569 2867 ἕῳ
580 2788 631 2828 atque
642 2788 676 2821 urar.
